1942 3034
184 124 190 135 ,
220 82 324 135 318
749 81 979 123 ANNAEI
1014 81 1288 124 SENECAE
1630 87 1766 138 p.200
1781 87 1836 130 B.

220 206 375 259 licuit
412 205 555 258 enim
581 205 710 273 <in>
736 204 877 257 bello
916 208 970 257 et
997 205 1169 257 ciuem
1208 209 1262 258 et
1300 210 1599 260 senatorem
1627 212 1679 260 et
1711 226 1835 261 con—

219 277 450 328 sularem
488 274 744 343 occidere,
782 292 850 326 ne
877 274 935 326 in
971 275 1075 327 hoc
1101 275 1317 343 quidem
1355 277 1556 329 crimen
1582 281 1661 330 est
1687 278 1831 346 quod

220 346 548 414 Ciceronem,
587 345 678 397 sed
705 344 848 413 quod
883 348 1190 413 patronum.
1243 346 1504 399 Naturale
1530 351 1610 400 est
1635 352 1830 418 autem,

216 420 278 469 ut
315 416 458 485 quod
505 417 562 468 in
607 415 758 467 nullo
806 418 1036 483 patrono
1082 416 1198 468 fieri
1247 417 1508 485 oportuit,
1556 417 1832 487 indignius
1914 418 1918 421 ’

159 491 188 538 9
218 486 290 540 sit
333 487 538 539 factum
584 485 643 536 in
681 483 937 538 Cicerone
983 489 1229 554 patrono.
1303 487 1507 539 LATRO
1555 489 1828 541 accusauit
1851 507 1877 540 5

217 558 372 610 illum
409 556 472 608 de
507 555 773 608 moribus:
810 555 1044 623 primum
1069 556 1213 624 quod
1251 557 1326 609 sic
1353 558 1590 626 uixisset,
1630 563 1690 611 ut
1715 576 1835 611 cau—

218 646 331 680 sam
367 626 619 694 parricidi
658 625 883 693 diceret3
933 625 1123 678 deinde
1162 627 1306 695 quod
1350 631 1639 695 patronum
1678 647 1834 681 suum

218 697 511 750 occidisset.
577 698 630 748 et
667 696 796 748 fecit
824 697 841 765 ΙΙ
867 696 965 748 has
1003 697 1368 764 quaestiones:
1408 717 1478 750 an
1514 717 1627 751 non
1663 699 1835 766 possit

215 785 277 820 eo
315 767 534 820 nomine
581 766 819 829 accusari
855 768 1036 835 (quo)
1073 767 1349 819 absolutus
1397 771 1491 820 est.
1568 768 1624 820 Si
1663 774 1677 794 ‘
1697 768 1832 837 quiS,

215 838 418 906 inquit,
458 837 606 889 uolet
642 836 802 889 hodie
839 835 1091 904 parricidi
1128 855 1213 889 me
1249 837 1546 905 postulare,
1590 855 1703 890 non
1739 857 1832 906 po·
1857 857 1904 889 10

154 941 156 944 -
215 908 356 960 terit.
434 908 703 975 quomodo
744 906 887 975 quod
924 907 1126 959 crimen
1173 907 1314 960 obici
1350 925 1463 959 non
1498 911 1701 976 potest,
1737 927 1833 977 pu-

217 978 325 1030 niri
360 977 602 1045 potest’?
658 978 747 1028 An
784 978 843 1028 in
879 977 1019 1029 bello
1059 977 1206 1028 ciuili
1232 981 1350 1030 acta
1387 978 1527 1030 obici
1563 996 1677 1030 non
1712 996 1832 1046 pos-

215 1048 338 1100 sint.
384 1046 626 1100 Honeste
653 1047 788 1098 dixit
813 1064 934 1099 cum
959 1047 1103 1099 hunc
1129 1047 1307 1099 locum
1332 1050 1587 1100 tractaret
1605 1047 1830 1101 VARIVS

216 1117 510 1170 GEMIst:
559 1117 605 1168 si
641 1116 760 1184 illa,
798 1116 999 1184 inquit,
1039 1119 1283 1185 tempora
1319 1117 1378 1169 in
1414 1117 1615 1170 crimen
1651 1136 1829 1186 uocaS,

215 1187 344 1239 dicis
390 1205 503 1239 non
542 1187 604 1238 de
652 1186 888 1238 hominis
899 1228 913 1253 ,
963 1186 1055 1238 sed
1092 1186 1155 1238 de
1203 1187 1526 1255 reipublicae
1574 1188 1827 1240 moribus
1856 1204 1899 1235 15

215 1257 271 1310 Si
307 1259 487 1325 potest
523 1256 667 1324 quod
706 1256 853 1308 ciuili
905 1256 1045 1308 bello
1084 1259 1263 1308 actum
1301 1260 1380 1308 est
1418 1257 1581 1325 obici,
1620 1276 1691 1310 an
1727 1258 1830 1310 hoc

214 1327 356 1379 obici
394 1326 600 1379 debeat.
675 1325 833 1378 Hanc
871 1326 1240 1393 quaestionem
1286 1327 1343 1378 in
1381 1327 1476 1379 illa
1513 1326 1720 1379 diuisit:
1760 1346 1831 1379 an

214 1397 422 1450 etiamsi
459 1414 673 1449 necesse
712 1397 762 1448 ei
799 1395 905 1448 fuit
940 1397 1140 1464 facere,
1189 1414 1302 1449 non
1347 1396 1418 1448 sit
1463 1400 1644 1449 tamen
1680 1397 1832 1467 igno-

213 1467 483 1520 scendum.
549 1467 617 1518 ad
654 1466 916 1535 quaedam
953 1467 1097 1519 enim
1134 1466 1285 1518 nulla
1320 1485 1420 1519 nos
1459 1467 1616 1521 debet
1652 1485 1830 1520 neces-

213 1538 342 1590 sitas
397 1537 712 1605 conpellere.
797 1535 915 1588 Hoc
976 1536 1095 1589 loco
1152 1536 1353 1589 LATRO
1416 1536 1550 1590 dixit
1611 1538 1829 1590 summis
1853 1552 1895 1586 20

213 1607 559 1660 clamoribus:
617 1607 694 1659 ita
739 1610 824 1675 tu,
874 1607 1098 1675 Popilli,
1155 1607 1199 1658 si
1246 1608 1519 1659 Antonius
1572 1608 1829 1675 iussisset,

123 1725 127 1729 .
212 1679 338 1746 (et)
374 1680 582 1746 patrem
620 1681 774 1729 tuum
814 1676 1119 1729 occideres?
1164 1676 1372 1730 Deinde
1410 1695 1480 1729 an
1516 1696 1629 1730 non
1666 1677 1831 1729 fuerit

213 1748 293 1800 illi
330 1765 564 1800 necesse.
639 1747 874 1800 Potuisti
913 1764 1163 1800 excusare
1202 1751 1281 1816 te,
1319 1747 1544 1815 potuisti
1580 1748 1829 1816 praemit-

211 1822 325 1870 tere
377 1818 610 1886 aliquem
666 1817 733 1869 ad
781 1816 1118 1885 Ciceronem,
1176 1820 1237 1870 ut
1291 1818 1449 1869 sciret
1487 1821 1540 1870 et
1585 1818 1827 1887 fugeret3

211 1905 428 1940 necesse
468 1891 609 1940 certe
656 1906 771 1939 non
807 1888 911 1940 fuit
955 1906 1176 1940 manum
1216 1891 1480 1956 caputque
1526 1887 1829 1956 praecidere
1851 1902 1894 1935 25

133 1961 571 2081 lomorClffiorem
611 2046 708 2096 pro
747 2023 982 2096 Popillio
1020 2027 1222 2080 LATRO
1272 2027 1566 2095 simplicem
1613 2026 1827 2079 habuit:

326 2215 348 2251 1
371 2213 419 2252 in
440 2225 517 2253 om.
547 2209 614 2253 im
637 2214 700 2251 Ta.
728 2211 777 2251 in
807 2211 889 2252 illo
910 2213 983 2261 Tb,
1005 2225 1122 2252 corr.
1139 2213 1290 2251 Haase
1312 2208 1327 2262 ΙΙ
1351 2209 1487 2259 bello,
1520 2209 1654 2250 licuit
1686 2214 1731 2251 et
1764 2211 1828 2251 ci-

210 2279 315 2308 uem
353 2267 425 2307 W.
459 2268 618 2307 Miiller
646 2264 663 2319 ΙΙ
695 2268 904 2307 eficiuem
934 2270 962 2305 c
984 2266 1000 2319 ΙΙ
1030 2269 1054 2306 2
1086 2279 1170 2307 nec
1201 2267 1249 2306 in
1280 2267 1365 2306 hoc
1396 2266 1566 2306 crimen
1597 2268 1628 2305 T
1651 2263 1666 2318 ΙΙ
1697 2268 1722 2306 5
1756 2265 1828 2306 Ci-

212 2334 424 2364 ceronem
455 2323 506 2371 0,
538 2335 652 2364 corr.
683 2322 815 2363 Burs.
846 2320 862 2375 ΙΙ
897 2327 1138 2375 patronum
1168 2324 1200 2361 T
1234 2320 1250 2374 ΙΙ
1286 2324 1309 2362 7
1343 2321 1628 2362 discerneret
1659 2325 1720 2361 Ta
1749 2320 1764 2373 ΙΙ
1801 2323 1828 2363 8

210 2392 303 2420 non
332 2391 408 2419 om.
439 2380 472 2418 T
494 2375 510 2430 ΙΙ
540 2381 697 2431 posset
729 2378 781 2429 0,
813 2392 928 2420 corr.
962 2378 1093 2418 Burs.
1125 2376 1141 2431 ΙΙ
1169 2381 1195 2419 9
1221 2378 1373 2418 fimine
1404 2379 1433 2417 G
1462 2376 1478 2430 ΙΙ
1507 2379 1720 2418 accusari
1748 2379 1781 2417 B
1813 2378 1817 2461 l

211 2446 300 2488 quo
331 2447 408 2478 om.
440 2436 471 2474 0
500 2432 516 2487 ΙΙ
547 2436 600 2476 10
629 2433 768 2474 hodie
798 2433 926 2475 uolet
955 2437 986 2473 Τ
1008 2432 1023 2487 ΙΙ
1053 2435 1145 2475 mei
1176 2436 1279 2474 CTa
1308 2431 1324 2487 u
1354 2435 1406 2474 12
1437 2446 1497 2474 an
1527 2435 1570 2474 ιῇ
1593 2433 1716 2475 bello
1746 2435 1783 2473 A
1814 2464 1816 2477 .

209 2504 302 2531 non
332 2492 414 2531 del.
448 2491 505 2531 N.
536 2490 681 2531 Faber
721 2489 736 2543 n
779 2492 832 2531 14
870 2491 1021 2543 inquit
1058 2490 1140 2531 illa
1178 2491 1234 2540 B,
1273 2492 1353 2531 sed
1387 2489 1473 2530 illa
1511 2492 1591 2533 del.
1621 2504 1673 2530 m.
1704 2504 1772 2542 pr.
1813 2478 1816 2541 l

212 2548 264 2588 15
296 2546 406 2588 sede
437 2547 538 2599 reip
567 2547 601 2587 B
641 2544 658 2599 ΙΙ
701 2548 752 2587 16
782 2546 913 2587 bellu
942 2548 980 2586 A
1008 2545 1024 2599 ΙΙ
1060 2550 1115 2587 e—e
1147 2547 1354 2588 obiciunt
1382 2546 1470 2588 hoc
1499 2547 1566 2586 Aa
1596 2558 1696 2587 esse
1729 2546 1826 2586 obi-

211 2604 338 2644 ciant
375 2603 463 2644 hoc
492 2603 645 2645 AbBT
681 2600 696 2655 ΙΙ
743 2604 794 2644 17
826 2603 1028 2644 debeant
1058 2604 1089 2643 0
1133 2601 1148 2656 ΙΙ
1196 2601 1248 2644 18
1286 2614 1479 2644 necesse
1519 2602 1609 2642 fuit
1645 2603 1682 2640 A
1719 2600 1735 2655 ΙΙ
1773 2604 1825 2643 19

209 2699 339 2742 nulla
377 2703 405 2741 ᾗ
446 2701 585 2743 debet
616 2704 644 2741 c
690 2700 821 2741 nulla
860 2701 999 2743 debet
1030 2704 1083 2752 T,
1127 2714 1241 2745 corr.
1273 2701 1404 2742 Burs.
1455 2698 1472 2753 ΙΙ
1521 2701 1576 2741 20
1613 2657 1698 2741 hdg
1726 2700 1762 2739 Δ
1813 2699 1825 2751 {1

208 2759 342 2866 ἓξῃξέ
370 2759 471 2853 egid.
504 2759 539 2798 E
560 2756 576 2810 ΙΙ
599 2757 807 2800 occidere
839 2759 867 2796 c
900 2757 1151 2799 occidisses
1182 2755 1255 2811 Eu
1286 2759 1340 2798 24
1370 2757 1532 2808 fugere
1563 2756 1591 2794 c
1612 2755 1627 2809 ΙΙ
1657 2757 1709 2796 27
1743 2768 1824 2807 pro
