1898 3054
137 163 176 200 X
773 150 929 192 PRAE
937 151 1130 193 FATIO.

136 291 335 397 genera
373 292 433 327 ac
459 275 654 344 gradus
693 275 995 328 adcuratius
1022 274 1394 345 cognoscenda
1431 276 1612 344 aliquo
1654 295 1750 330 usu

162 363 254 398 ore
289 345 616 398 uiderentur.
670 345 899 415 Pigebat
935 363 1064 398 uero
1100 346 1259 398 toties
1284 345 1484 398 referre
1523 347 1581 398 in
1618 365 1750 399 non-

136 415 302 468 nullis
349 415 499 468 libris
547 418 727 468 extare
768 421 1024 480 9⁷·edat2’3,
1075 422 1290 484 ioyantz',
1333 420 1626 469 adolescens
1662 417 1750 469 uel

139 490 462 550 adulescem,
522 490 722 550 inquid,
783 489 836 538 et
884 504 1018 554 quae
1075 490 1201 539 sunt
1255 485 1490 538 eiusdem
1545 486 1751 539 farinae

138 556 433 624 scripturae
474 574 609 624 quae
646 556 949 624 legentibus
986 557 1288 609 molestiam
1324 574 1591 637 magnam,
1630 557 1749 609 nul-

139 626 246 679 lam
285 626 574 678 utilitatem
611 626 868 678 allaturae
907 630 1073 679 erant.
1157 626 1345 695 Neque
1395 627 1453 678 in
1502 627 1753 680 suasoriis

138 714 354 749 omnem
391 699 682 765 scripturae
722 697 1085 749 diueisitatem
1120 697 1369 765 adposui,
1408 696 1499 749 sed
1536 698 1754 749 leuioris

138 767 400 819 momenti
426 766 619 819 menda
644 766 886 819 codicum
909 767 1187 834 nonnulla,
1216 785 1351 835 quae
1374 766 1441 819 ad
1465 767 1751 820 lectionem

140 836 571 889 constituendam
594 854 827 917 ..prorsus
863 837 1002 889 nihil
1042 837 1285 890 conferre
1323 855 1479 906 posse
1505 837 1749 890 uider-en

140 910 246 976 tur,
287 907 458 959 sciens
499 907 670 960 omisi.

246 977 450 1029 Verum
487 978 657 1030 multo
695 978 874 1030 minus
913 977 1156 1030 codicum
1183 995 1283 1046 ope
1320 978 1525 1030 factum
1561 981 1656 1046 est,
1696 981 1756 1030 ut

140 1048 199 1100 in
237 1048 338 1100 hac
376 1048 746 1169 recognitione
773 1047 1006 1101 Senecae
1042 1048 1166 1099 libri
1198 1048 1369 1100 multo
1398 1066 1558 1116 quam
1596 1052 1755 1101 antea

141 1117 471 1198 commodius
539 1119 624 1188 egi
660 1119 894 1186 possint,
943 1117 1205 1187 siquidem
1242 1119 1349 1170 iam
1388 1117 1639 1171 Bursiani
1677 1137 1755 1171 re-

139 1188 319 1241 censio
366 1188 634 1257 plerisque
682 1189 740 1240 in
778 1189 911 1242 locis
959 1188 1246 1241 lectionem
1294 1190 1559 1241 bonorum
1597 1189 1755 1241 libro-

139 1277 260 1310 rum
296 1258 648 1311 fundamento
689 1259 980 1311 stabilitam
1018 1259 1327 1338 proposuit.
1366 1259 1528 1329 longe
1554 1259 1754 1311 maiore

139 1348 240 1381 usu
278 1332 432 1381 erant
471 1347 532 1381 ea
570 1330 763 1397 quibus
810 1347 955 1381 nunc
1001 1329 1204 1397 primus
1243 1329 1308 1381 ad
1356 1330 1522 1382 uerba
1559 1330 1754 1381 rectius

140 1399 518 1452 constituenda
542 1418 668 1451 usus
695 1418 812 1451 sum
848 1400 1090 1452 uirorum
1116 1399 1394 1452 doctorum
1433 1403 1756 1452 commenta

140 1472 222 1522 Ac
258 1470 492 1537 primum
542 1470 755 1537 quidem
803 1473 959 1522 notas
1006 1468 1276 1523 Nicolai
1313 1469 1515 1522 Fabri
1564 1472 1618 1522 et
1653 1470 1756 1522 Io-

140 1540 333 1592 annis
372 1538 795 1609 Schultingii
834 1539 1234 1593 emendationes
1259 1558 1384 1592 uere
1420 1557 1606 1592 aureas
1645 1539 1758 1592 diu-

140 1611 250 1662 tius
288 1609 430 1678 apud
457 1609 792 1662 Gronovium
830 1610 1137 1662 delitescere
1172 1610 1348 1679 nolui3
1388 1610 1517 1662 hinc
1553 1609 1756 1662 factum

142 1683 224 1733 est
270 1683 332 1732 ut
377 1681 658 1748 permultis
708 1680 1194 1748 emendationibuS‚
1252 1698 1383 1748 quas
1439 1680 1752 1747 BursianUS,

142 1754 330 1819 utpote
382 1749 760 1803 Gronovianae
817 1750 1066 1803 editionis
1113 1751 1333 1820 ignarus
1378 1750 1583 1818 primus
1635 1769 1752 1818 pro-

141 1821 327 1874 tulisse
366 1821 468 1872 sibi
505 1821 652 1873 uisus
691 1825 795 1888 est,
842 1839 987 1873 nunc
1025 1839 1150 1873 suus
1199 1823 1385 1873 auctor
1430 1820 1752 1873 redderetur.

144 1891 283 1944 Tum
318 1892 400 1943 uti
438 1891 573 1943 mihi
610 1891 762 1944 licuit
786 1891 1120 1943 Friderici
1145 1890 1380 1943 Haasii
1419 1891 1754 1951 coniecturis

144 1980 277 2030 quas
314 1962 547 2038 margini
586 1961 836 2014 editionis
858 1961 1185 2030 Bipontinae
1224 1961 1511 2013 alteriusa.
1544 1961 1682 2014 1810
1700 1965 1754 2012 et

146 2006 464 2100 Lipsiensiso
498 2051 529 2084 a
577 2032 844 2084 Bursiano
900 2035 1113 2084 curatae
1170 2031 1543 2100 adscripserat3
1600 2031 1755 2083 ualde

145 2110 325 2155 autem
371 2102 660 2154 dolendum
715 2102 858 2170 quod
905 2102 1092 2154 Haasii
1140 2102 1269 2154 lima
1322 2102 1466 2154 intra
1519 2102 1753 2170 priorem

142 2173 336 2225 harum
402 2172 749 2240 reliquiarum
810 2175 1017 2241 partem
1078 2172 1332 2224 substitit.
1443 2172 1754 2224 Amicorum

145 2260 358 2313 quoque
413 2246 664 2311 prompta
718 2243 1096 2296 beneuolentia
1157 2260 1482 2312 magnopere
1543 2241 1754 2294 adiutus

145 2331 285 2366 sum:
315 2313 504 2365 Guili
521 2313 727 2366 elmus
754 2313 998 2365 Μ111161
1022 2331 1194 2381 nuper
1220 2312 1585 2366 Berolinensis
1611 2329 1755 2364 nunc

144 2383 584 2437 Vratislaviensis
624 2402 987 2452 quaecumque
1032 2383 1384 2436 adnotauerat
1415 2382 1548 2434 mihi
1586 2383 1755 2434 amice

144 2454 318 2522 misit;
370 2453 605 2521 itemque
646 2453 800 2506 Otto
838 2453 1139 2507 Ribbeck
1188 2471 1338 2506 meus
1374 2452 1610 2505 taedium
1646 2453 1756 2520 pla-

146 2524 299 2594 gulas
370 2523 577 2591 aliquot
626 2524 920 2593 relegendi
994 2524 1262 2576 sustinuit.
1359 2523 1464 2575 alia
1548 2540 1757 2574 mecum

146 2594 611 2647 communicarunt
659 2594 855 2646 Herm
871 2612 950 2646 an
996 2594 1240 2646 Miiller
1288 2593 1655 2646 Berolinensis
1705 2596 1757 2644 et

140 2663 557 2721 Guilielmus
583 2663 878 2733 Wagner
915 2665 1122 2734 collega
1160 2664 1288 2716 olim
1313 2663 1752 2732 HamburgensiS.

147 2735 224 2786 At
260 2734 422 2804 longe
460 2733 949 2802 splendidissimum
986 2735 1111 2787 huic
1151 2734 1374 2786 editioni
1412 2733 1633 2785 accessit
1670 2732 1754 2783 de-

147 2822 238 2857 cus
285 2807 338 2857 et
386 2807 759 2856 ornamentum
808 2805 950 2872 quod
997 2804 1298 2857 NIGOLAVS
1349 2803 1617 2871 MADVIG,
1672 2802 1757 2853 uir

147 2893 265 2927 mea
302 2875 458 2926 laude
498 2874 764 2942 superior
805 2893 917 2927 non
956 2875 1129 2927 solum
1168 2874 1359 2927 litteris
1398 2891 1482 2925 me
1520 2873 1582 2925 de
1619 2890 1754 2924 non-
