1936 3100
220 139 342 207 530ν

280 252 460 292 mitium
506 249 704 304 epistula
751 262 843 290 non
899 260 1037 301 agno-

282 308 385 348 scit.
419 307 590 357 Quintil.
620 306 690 347 ΙΙΙ
722 308 760 356 1,
779 307 847 348 17.
865 306 931 346 18.
963 305 1036 357 (ef.

283 364 429 407 strab.
456 363 572 404 XIII
601 364 684 405 625
706 359 759 416 C)
792 363 882 403 eius
907 375 1037 415 prae-

281 426 408 473 cepta
459 419 599 470 Quint,
645 419 691 460 ΙΙ
743 419 810 467 15,
835 419 908 470 12;
969 418 1039 459 111

281 479 390 527 1‚1;
439 477 573 527 5,17;
621 476 662 526 6,
684 476 753 516 35.
770 475 845 525 363
892 476 959 525 11,
991 476 1038 524 33

278 533 343 574 IV
386 534 525 583 1,50;
586 534 628 583 2,
651 532 720 581 313
781 530 823 571 V
868 532 938 581 13,
960 531 1037 581 593

280 588 370 630 VII
409 563 449 639 2,
470 590 547 637 20,
596 588 663 629 IX
703 589 831 639 1,12.
891 588 1033 628 Αηοη.

281 659 351 698 ap.
397 645 556 698 8ρεη9.
611 644 731 687 Rhet.
780 643 802 683 I
846 644 946 694 434,
967 645 1035 687 30.

253 702 422 742 *Tucia
449 702 549 742 dial.
580 697 668 752 19.]
708 699 1036 752 Apollodorum

282 758 357 798 cui
396 769 569 811 semper
607 757 782 797 narrari
823 755 970 809 placet
1008 757 1036 796 c

278 815 327 856 II
360 816 397 865 1,
421 816 476 855 36
515 811 587 864 (cf.
605 814 749 854 Anon.
782 826 852 864 ap.
874 813 1033 865 Speny.

281 871 402 912 Rhea.
443 871 466 911 I
510 871 609 921 441,
632 867 695 920 1).
756 868 865 909 Eius
908 870 1034 910 disci-

276 929 396 979 puli:
434 925 710 967 Bruttedius
740 925 886 977 Niger
924 927 954 965 G
990 925 1037 966 11

282 986 320 1034 1,
330 984 408 1034 36·
439 982 688 1035 Vipsanius
718 981 900 1024 Atticus
932 984 962 1021 Ο
992 982 1040 1023 II

278 1041 417 1092 5,11;
462 1037 676 1080 Moschus
705 1034 1039 1090 Apollodoreus

281 1097 310 1135 c
339 1094 388 1136 ΙΙ
416 1096 560 1147 5,13;
597 1094 818 1136 Turrinus
848 1097 980 1147 pater
1010 1096 1038 1132 c

283 1150 326 1191 X
355 1165 425 1203 r.
443 1152 510 1192 14.

223 1210 544 1251 APOLLoDonm
598 1204 764 1258 [Quint.
808 1206 855 1248 Π
905 1207 974 1258 11,
990 1207 1037 1254 2;

280 1263 352 1305 ΙῙΙ
386 1265 514 1315 1,18;
550 1262 615 1303 IV
645 1264 684 1313 1,
693 1263 763 1304 50.
802 1262 944 1304 Anon.
965 1275 1038 1314 ap.

287 1320 320 1361 S
319 1333 448 1373 p-eny
471 1297 590 1360 R’lzet.
611 1318 635 1359 I
664 1319 851 1370 431,11;
881 1319 1040 1370 441,1;

283 1378 384 1428 442,
400 1371 474 1429 10]
518 1373 835 1429 Apollodoreis
866 1373 1042 1428 placuit

283 1432 374 1473 fixa
422 1444 522 1475 esse
576 1431 780 1474 themata
830 1437 880 1473 et
939 1435 1040 1472 tuta

284 1491 312 1528 c
340 1489 363 1529 Ι
391 1490 518 1539 2,13;
556 1488 774 1531 Moschus
794 1488 866 1541 Ap
869 1486 1039 1530 ollodo-

283 1557 388 1585 reus
420 1547 449 1584 c
477 1545 526 1587 11
556 1546 684 1597 5‚13;
722 1543 910 1586 Clodius
929 1544 1040 1585 Tur-

283 1602 413 1643 rinus
447 1606 579 1655 pater
715 1600 1041 1653 Apollodoreos

290 1658 499 1710 sequitur
529 1657 572 1698 X
598 1671 670 1710 pr.
692 1659 758 1699 15.

228 1716 512 1756 Aromomvs
579 1713 780 1755 Graecus
838 1715 888 1754 in
949 1714 1042 1766 epi-

285 1771 406 1824 logis
455 1770 692 1813 uehemens
733 1769 829 1812 *fuit
874 1772 903 1809 c
952 1771 1041 1814 VII

286 1830 327 1878 4,
347 1829 388 1868 3.

229 1884 490 1924 Annnomvs
520 1883 575 1936 (ἲ)
608 1883 715 1925 S11.o
745 1884 919 1924 auditor
952 1882 1039 1924 La-

270 1940 457 1990 tronis,
506 1943 634 1993 pater
673 1939 810 1981 huius
869 1936 1039 1981 Silonis

289 1996 367 2049 qui
411 1996 768 2049 pantomimis
813 1994 1039 2037 fabulas

289 2052 471 2106 scripsit
507 2057 552 2094 et
596 2052 828 2104 ingenium
871 2051 1042 2105 grande

288 2122 381 2149 non
414 2112 593 2150 tantum
614 2108 815 2151 deseruit
844 2108 927 2150 sed
947 2108 1042 2162 pol—

288 2165 397 2215 luit,
461 2196 471 2207 .
504 2197 514 2205 .
548 2197 557 2206 .
604 2167 803 2206 recitauit
861 2177 1042 2207 carmen

289 2220 598 2274 (Achilleida?)
635 2221 686 2262 in
725 2234 813 2275 quo
853 2221 1042 2274 agnoui-

287 2288 386 2318 mus
417 2290 598 2320 sensum
618 2277 837 2319 Latronis
868 2279 893 2316 S
923 2278 1042 2329 2,19.

234 2335 463 2375 Annnmvs
518 2334 690 2375 Fvscvs
736 2336 826 2374 eius
874 2335 1046 2374 dicendi

288 2402 422 2442 ,qenus
442 2390 699 2432 describitur·
729 2392 758 2428 c
787 2388 835 2430 II
863 2390 1043 2443 praefil

291 2451 335 2486 in
383 2448 561 2499 primum
607 2447 935 2487 declamatorum
985 2452 1045 2487 te-

291 2505 486 2544 tradeum
505 2503 762 2554 referendus
782 2504 810 2543 c
830 2501 874 2541 X
897 2503 1044 2556 praef.

293 2561 346 2600 13
396 2559 604 2613 Hybreae
641 2559 912 2604 sententiam
941 2559 1045 2600 Fv-

291 2626 413 2656 scvs
477 2615 757 2658 Ananvs
815 2628 916 2657 cum
975 2628 1042 2657 es-

293 2675 363 2712 set
400 2682 455 2711 ex
484 2671 620 2713 Asia
652 2671 854 2723 (Asianis
872 2673 913 2723 2²)
950 2684 1043 2714 non

294 2739 406 2768 casu
435 2727 553 2769 dixit
592 2728 674 2770 sed
710 2728 946 2770 transtulit
985 2728 1043 2770 ad

291 2783 481 2826 uerbum
526 2786 555 2824 0
591 2783 659 2827 IX
701 2786 840 2836 6,16;
898 2786 1045 2827 Adaei

291 2842 541 2882 sententiam
570 2843 768 2883 mutauit
795 2841 849 2883 A.
878 2841 932 2883 F.
966 2872 978 2883 .
995 2871 1035 2884 ..

292 2897 475 2937 memini
504 2896 668 2940 deinde
683 2897 759 2938 Fu
771 2910 792 2940 s
803 2911 826 2940 c
836 2911 866 2939 u
877 2911 919 2939 m
943 2910 1042 2939 cum

952 135 1160 178 INDEX.

1138 249 1251 290 haee
1296 248 1438 290 Adaei
1476 250 1703 292 sententia
1741 250 1888 292 obice-

1138 309 1286 358 retur,
1342 318 1435 346 non
1491 305 1678 348 infitiari
1740 310 1889 348 trans-

1139 361 1302 402 tulisse
1324 373 1372 402 se
1401 374 1498 403 eam
1527 364 1576 404 in
1604 362 1812 412 latinum,
1844 367 1890 404 et

1139 418 1289 459 aiebat
1316 448 1327 459 .
1345 448 1355 458 .
1376 448 1386 459 .
1413 418 1461 459 id
1497 431 1544 460 se
1572 449 1583 461 .
1602 449 1611 459 .
1629 450 1640 460 .
1669 419 1890 461 exercita-

1141 475 1279 515 tionis
1321 487 1464 515 causa
1500 474 1647 516 facere
1688 477 1716 515 c
1770 476 1812 516 X
1851 477 1891 526 1,

1141 532 1208 572 13.
1250 530 1438 572 Solebat
1454 531 1668 573 Fuscus
1689 544 1743 572 ex
1758 531 1891 572 Ver·

1137 585 1277 639 gilio
1307 586 1452 628 multa
1473 587 1655 629 trahere
1684 592 1736 629 ut
1765 587 1891 629 Mae-

1137 643 1290 684 cenati
1325 644 1570 697 imputaret
1617 645 1642 684 S
1686 647 1728 697 3,
1745 645 1793 695 53
1842 645 1885 694 4,

1136 701 1178 743 4.
1190 700 1230 740 5.
1286 696 1480 741 Dicebat
1510 704 1660 741 autem
1691 675 1891 742 S⁷uaso—

1139 755 1251 797 rias
1281 755 1581 798 libentissime
1609 760 1657 797 et
1684 756 1893 810 frequen-

1139 813 1231 852 tius
1262 810 1507 855 Graecas
1540 825 1675 865 quam
1696 813 1891 854 Latinas

1140 870 1166 907 s
1188 870 1230 919 4,
1241 869 1280 910 5.
1311 869 1466 910 aiebat
1486 873 1777 922 praeceptore
1807 880 1891 911 suo

1142 924 1321 966 dicente
1370 938 1547 966 summa
1600 937 1702 966 cum
1753 924 1891 966 admi-

1141 981 1320 1023 ratione
1364 986 1606 1036 exceptum
1647 980 1763 1023 illud
1797 982 1892 1022 Ho—

1116 1038 1250 1078 -meri
1295 1039 1479 1080 Priamo
1528 1035 1685 1092 aptum
1730 1039 1759 1077 G
1801 1039 1825 1079 I
1854 1039 1894 1089 7,

1143 1095 1216 1145 143
1275 1095 1407 1144 8,15.
1493 1051 1701 1136 Fupscus
1763 1093 1896 1134 illum

1141 1150 1338 1192 colorem
1375 1151 1633 1193 introduxit
1678 1163 1766 1204 quo
1805 1150 1895 1191 fre·
1934 1191 1936 1198 A

1141 1210 1332 1259 quenter
1356 1208 1424 1248 uti
1453 1206 1640 1257 solebat,
1662 1206 1764 1248 reli
1773 1207 1895 1259 gio·
1934 1236 1935 1239 ,

1141 1263 1230 1304 nis
1276 1262 1357 1303 01
1404 1264 1664 1314 1‚16=c
1701 1263 1724 1304 Ι
1769 1263 1936 1319 8,15[

1141 1319 1187 1360 11
1219 1320 1258 1366 1,
1281 1320 1351 1360 27.
1409 1319 1586 1361 Recolo
1617 1319 1733 1359 nihil
1753 1318 1895 1361 fuisse
1930 1336 1933 1356 ι

1142 1388 1212 1417 me
1242 1375 1406 1416 iuuene
1436 1380 1530 1418 tam
1573 1381 1733 1417 notum
1763 1387 1897 1429 quam
1929 1380 1936 1424 4⁴<

1141 1432 1224 1472 has
1251 1431 1674 1485 explicationes
1708 1430 1894 1483 Fusci,
1928 1425 1931 1464 -‘

1143 1500 1255 1542 quas
1286 1500 1417 1530 nemo
1434 1492 1641 1530 nostrum
1661 1501 1754 1530 non
1775 1488 1894 1530 alius
1926 1501 1929 1529 ε

1142 1545 1234 1587 alia
1282 1544 1583 1587 inclinatione
1631 1545 1759 1586 uocis
1806 1575 1818 1587 .
1842 1574 1853 1586 .
1879 1575 1889 1585 .
1920 1583 1924 1586 ,

1143 1601 1360 1644 cantabat
1398 1603 1425 1642 S
1463 1603 1506 1654 2,
1530 1604 1594 1647 10,
1636 1606 1688 1643 ut
1719 1601 1896 1643 sciretis

1143 1671 1277 1711 quam
1317 1658 1462 1700 nitide
1502 1658 1721 1700 Fuscus
1757 1657 1925 1700 dixis·-

1144 1719 1212 1758 set
1261 1714 1335 1756 uel
1393 1726 1527 1768 quam
1575 1715 1767 1757 licenter
1806 1744 1818 1757 .
1842 1745 1854 1757 .
1879 1745 1889 1755 .

1142 1771 1288 1812 uestri
1316 1770 1494 1812 arbitrii
1523 1772 1612 1813 erit
1639 1776 1793 1813 utrum
1821 1783 1896 1812 ex—

1142 1827 1416 1881 plicationes
1480 1828 1578 1870 eius
1637 1827 1898 1869 luxuriosas

1142 1884 1313 1937 putetis
1355 1897 1414 1925 an
1458 1888 1648 1938 uegetas
1695 1885 1721 1923 S
1764 1885 1898 1935 2,10.

1140 1940 1309 1983 Fusci
1344 1939 1526 1981 Arelli
1570 1938 1898 1994 explicationes

1185 2028 1197 2039 .
1222 2027 1232 2039 .
1259 2027 1270 2038 .
1321 2009 1510 2049 quarum
1543 1998 1709 2039 nimius
1747 1995 1918 2038 cultus.

1143 2058 1187 2094 et
1228 2052 1377 2095 fracta
1423 2054 1682 2108 conpositio
1723 2052 1917 2107 poterit.

1143 2122 1227 2152 uos
1260 2108 1482 2151 offendere
1521 2122 1622 2151 cum
1662 2110 1721 2151 ad
1750 2121 1915 2152 meama

1142 2170 1338 2207 aetatem
1396 2167 1614 2207 ueneritis
1675 2168 1701 2205 S
1768 2167 1809 2216 2,
1827 2166 1915 2208 23.

1142 2222 1356 2263 Fuscus
1408 2222 1659 2263 Arellius
1717 2222 1913 2278 egregie}

1144 2277 1413 2320 declamauit
1472 2280 1502 2318 G
1544 2278 1568 2319 Ι
1614 2281 1748 2331 6,10.
1808 2281 1913 2328 La-“s

1144 2341 1214 2376 tro
1259 2346 1351 2375 non
1394 2334 1620 2387 probabat
1645 2310 1911 2391 '’Fuscunsi

1146 2391 1225 2444 qui
1279 2390 1419 2444 paulo
1469 2405 1497 2432 a
1529 2392 1672 2434 ertius
1730 2392 1901 2447 ageba]

1146 2449 1174 2488 G
1203 2446 1251 2489 II
1283 2449 1441 2499 13,11.
1514 2447 1627 2490 Cum
1656 2460 1875 2502 quaerere

1145 2508 1220 2545 tur
1294 2503 1517 2557 quomodo
1589 2505 1641 2548 P.
1686 2503 1895 2546 Viniciu'

1146 2559 1315 2602 diceret
1355 2560 1607 2603 Arellius
1660 2562 1728 2602 ait
1780 2565 1890 2609 ‘tra

1145 2614 1270 2659 ctim’
1292 2616 1393 2659 Seu.
1417 2618 1535 2670 Epp.
1561 2619 1631 2668 40,
1648 2615 1693 2670 9]
1732 2617 1880 2670 (Fusci

1145 2672 1268 2715 color
1306 2672 1582 2728 displicebat
1619 2674 1859 2716 Passien

1145 2731 1174 2769 G
1202 2728 1291 2772 VII
1329 2731 1371 2783 2,
1392 2731 1460 2770 12.
1527 2733 1616 2772 eius
1653 2730 1890 2772 auditores·

1143 2785 1376 2828 Fabianus
1405 2787 1434 2825 0
1463 2787 1512 2828 II
1539 2800 1608 2839 pr.
1635 2788 1672 2826 1.
1688 2788 1730 2829 5.
1789 2784 1880 2827 Oui

1144 2842 1248 2884 dius
1278 2843 1307 2882 G
1336 2842 1385 2883 H
1414 2844 1457 2895 2,
1474 2844 1514 2884 8.
1531 2844 1558 2884 9
1609 2842 1791 2896 quidam
1821 2853 1876 2883 cu

1143 2899 1215 2940 ius
1246 2898 1406 2950 pudori
1436 2911 1572 2952 parco
1604 2900 1631 2938 8
1659 2901 1700 2951 4,
1713 2901 1753 2941 5.
