1936 3100
222 93 330 147 520
757 90 988 135 ANNAEI
1011 90 1286 132 SENECAE
1403 134 1407 136 ,
1629 104 1671 144 p.
1683 93 1766 138 449
1783 93 1836 133 B.

225 218 474 271 irascitur
521 217 716 270 fratri‘?
764 234 858 270 cur
893 234 979 268 me
1026 215 1198 268 solum
1234 218 1418 284 rogat,
1470 233 1591 268 cum
1628 215 1837 268 duobus

226 289 356 342 satis
402 288 577 340 facere
624 287 850 340 debeat?
904 286 1119 350 Victor,
1169 285 1383 354 inquid,
1432 286 1537 339 cito
1588 289 1837 338 exoratus

228 362 322 412 est.
398 357 631 411 Facilius
680 360 759 410 est
805 358 1083 437 ignoscere
1131 356 1274 408 bello
1325 373 1485 424 quam
1531 356 1832 424 palricidio.

224 429 407 482 Etiam
443 431 616 482 morte
654 427 795 496 patri
834 427 1101 496 quaesiuit
1136 426 1412 479 inuidiam.
1472 426 1678 478 Perisse
1715 444 1836 494 pro-

225 502 346 568 pter
370 501 578 578 patrem
604 498 798 550 dicitur
823 497 1031 566 mulier,
1053 515 1188 566 quae
1214 506 1383 549 unum
1407 496 1597 549 habuit
1616 499 1836 565 propter
1857 512 1881 545 5

227 587 386 638 quem
422 569 556 621 mori
592 572 789 636 posset.

563 763 1268 832 <CONTROVERSIA
1316 763 1506 831 IIII.)

700 879 963 921 MENDIci
996 879 1368 921 DEBILITATI.

231 990 577 1059 Reipublicae
615 990 789 1042 laesae
825 990 896 1042 sit
932 990 1089 1042 actio,
1147 988 1373 1051 Quidam
1412 990 1681 1058 expositos
1719 988 1841 1042 edu-

373 1061 529 1113 cabat
566 1064 620 1112 et
657 1060 962 1112 debilitatos
1000 1060 1303 1112 mendicare
1343 1060 1593 1128 cogebat,
1640 1063 1702 1111 ut
1738 1059 1840 1111 sibi
1864 1076 1909 1107 10

371 1130 669 1201 mercedem
688 1130 966 1183 referrent.
1007 1134 1283 1183 accusatur
1304 1130 1477 1182 laesae
1496 1129 1838 1198 reipublicae

336 1229 557 1281 Factum
596 1231 677 1281 est
712 1244 780 1280 ne
818 1228 1015 1280 liberos
1061 1231 1239 1296 patres
1277 1231 1370 1280 aut
1415 1230 1712 1298 agnoscant
1748 1230 1841 1280 aut

231 1299 509 1368 recipiant.
566 1297 864 1368 Vectigalis
901 1298 995 1350 isti
1032 1298 1206 1366 (fuit)
1245 1298 1530 1350 crudelitas
1569 1316 1630 1351 eo
1669 1317 1757 1350 ma
1795 1298 1840 1350 is

230 1370 375 1439 quod
411 1387 596 1422 omnes
633 1372 846 1437 praeter
884 1369 1047 1421 istum
1085 1368 1453 1421 misericordes
1490 1386 1686 1421 sumus,
1798 1368 1841 1419 1-

228 1440 430 1492 166111111
478 1442 559 1492 est
605 1442 667 1491 ut
711 1439 851 1491 nihil
900 1442 1040 1492 esset
1087 1439 1331 1491 miserius
1379 1439 1687 1508 expositis·
1681 1457 1842 1507 quain
1865 1455 1912 1488 15

228 1510 365 1578 tolli,
403 1510 717 1578 parentibus
756 1528 918 1578 quam
969 1526 1275 1579 agnoscere.
1351 1509 1588 1562 Alterius
1625 1509 1842 1562 commi-

229 1584 388 1633 nutas
437 1580 679 1648 scapulas
716 1580 774 1632 in
820 1579 1058 1632 deforme
1102 1580 1260 1632 tuber
1297 1579 1557 1632 extundit.
1632 1579 1843 1632 Produc

231 1651 492 1703 familiam
539 1654 704 1703 tuam.
779 1650 923 1703 Volo
971 1668 1131 1703 nosse
1178 1650 1327 1702 illam
1365 1650 1723 1702 humanarum
1761 1667 1844 1702 ca-

231 1721 536 1773 lamitatum
564 1720 852 1773 officinam.
907 1719 1014 1774 Sua
1040 1721 1231 1789 cuique
1259 1721 1532 1773 calamitas
1569 1723 1843 1789 tamquam

232 1810 317 1843 ars
355 1792 372 1861 u
409 1791 739 1861 adsignatur.
815 1790 1110 1843 Intuemini
1156 1791 1237 1842 illi
1275 1794 1456 1844 erutos
1504 1791 1688 1844 oculos
1699 1832 1712 1859 ,
1762 1790 1843 1842 illi
1866 1806 1910 1838 20

230 1861 432 1914 fractos
469 1861 647 1930 pedeS.
724 1860 863 1923 Quid
900 1861 1314 1914 exhorrescitis?
1363 1862 1438 1914 sic
1485 1862 1584 1914 iste
1631 1861 1845 1913 misere-

231 1936 334 1985 tur.
385 1930 606 1985 Nouum
631 1935 959 1985 monstrum:
998 1932 1209 2001 integer
1235 1932 1410 2000 alitur,
1450 1932 1648 1984 debiles
1675 1931 1841 1983 alunt.

231 2002 528 2070 Perissent,
590 2002 794 2071 inquid.
870 2003 946 2055 ita
1007 2021 1119 2055 non
1180 2002 1449 2055 infelicius
1518 2001 1844 2071 supersunt?

231 2072 520 2141 Perissent‚
559 2073 764 2153 inquid.
816 2073 1093 2142 interroga
1116 2076 1295 2152 patres
1320 2076 1499 2125 utrum
1538 2072 1841 2124 maluerint.

235 2141 435 2204 Quanti
461 2161 525 2195 ex
550 2143 635 2195 his
660 2143 765 2195 uiri
789 2143 974 2211 forteS,
1014 2143 1203 2211 quanti
1232 2142 1616 2210 tyrannicidae,
1655 2142 1843 2209 quanti
1866 2156 1910 2189 25

231 2213 402 2265 futuri
450 2213 791 2266 sacerdotes?
837 2231 937 2265 nec
985 2213 1321 2265 incredibilia
1366 2213 1583 2280 loquor:
1634 2230 1696 2264 ex
1742 2212 1843 2265 hac

232 2283 455 2336 fortuna
491 2284 719 2352 (origo)
745 2283 1020 2335 Romanae
1057 2283 1235 2352 gentis
1273 2283 1537 2351 apparuit.
1593 2282 1723 2335 Plus
1761 2301 1844 2335 ac-

235 2356 450 2421 ceptum
488 2353 790 2406 crudelitati
815 2371 976 2421 quam
1006 2359 1298 2421 expensum
1335 2353 1729 2406 misericordiae
1765 2371 1844 2405 re-

233 2423 390 2476 fert.·
430 2422 721 2502 Expositos
760 2424 1010 2475 aluerunt
1047 2423 1209 2475 etiam
1245 2422 1416 2492 ferae,
1466 2424 1594 2476 satis
1631 2424 1843 2476 futurae

229 2494 414 2562 miteS‚
463 2493 508 2545 si
544 2493 940 2561 praeterissent.
1018 2491 1258 2555 Quorum
1295 2465 1416 2546 611111
1462 2494 1660 2562 ubique
1699 2493 1843 2546 audi-
1865 2505 1914 2538 30

363 2665 480 2704 9.10
511 2660 810 2704 *seducebat
853 2665 927 2703 Ma
979 2663 1178 2705 ducebat
1221 2665 1292 2703 Mb
1334 2662 1350 2716 ΙΙ
1393 2666 1443 2705 13
1491 2664 1579 2704 fuit
1623 2677 1702 2707 om.
1741 2665 1786 2702 M
1831 2662 1844 2716 ΙΙ
1922 2645 1927 2648 ⁴

229 2722 283 2761 16
313 2719 416 2760 tolli
456 2721 609 2760 arenti
641 2720 910 2773 parentibus
939 2721 1012 2759 Ma
1062 2718 1077 2772 ΙΙ
1139 2722 1189 2761 18
1219 2720 1456 2760 humarum
1486 2722 1559 2759 Ma
1615 2717 1630 2773 ΙΙ
1680 2722 1732 2760 21
1759 2719 1846 2770 fuit

232 2776 466 2817 ecfractos
496 2777 538 2816 in
568 2777 612 2815 M
654 2777 732 2816 sed
764 2789 816 2816 ec
855 2789 1032 2819 erasum.
1081 2774 1096 2828 ΙΙ
1138 2776 1443 2817 ·exorrescitis
1473 2777 1519 2815 M
1568 2774 1583 2830 ΙΙ
1631 2778 1684 2817 27
1716 2776 1845 2828 origo

226 2845 306 2873 om.
338 2834 383 2872 M
