1942 3034
211 119 318 170 214
736 119 963 161 ANNAEI
995 120 1272 162 SENECAE
1375 116 1377 125 ⁴
1615 135 1658 175 p.
1674 122 1754 163 165
1771 121 1824 165 B.

210 264 432 300 uxorem
469 264 579 298 uno
618 245 776 297 modo
815 261 988 312 posse,
1027 244 1072 296 si
1106 244 1245 296 nihil
1271 263 1526 313 umquam
1563 248 1826 300 secretum

211 319 278 369 ab
316 317 410 370 illa
456 316 678 368 maritus
724 315 1014 366 habuisset.
1091 313 1148 367 Si
1186 314 1404 383 dixerit,
1455 316 1655 384 inquit,
1703 319 1827 384 post

209 391 481 440 tormenta
507 405 560 438 se
588 386 651 438 de
679 386 696 454 Η
724 385 1082 453 tyrannicidio
1110 385 1398 454 cogitasse,
1435 388 1552 437 tum
1587 387 1828 454 tyranni—

163 482 173 491 >
213 458 411 510 cidium
458 456 614 509 uxori
664 456 934 508 debemus,
1008 455 1199 507 melius
1247 456 1309 507 de
1357 456 1475 508 uiro
1530 457 1727 508 meruit
1783 457 1828 508 si
1928 506 1930 510 ,

210 532 355 581 torta
409 526 803 596 tyrannicidam
850 526 1003 593 fecit,
1053 543 1214 593 quam
1261 526 1306 578 si
1362 527 1553 593 tacuit,
1611 530 1692 578 set
1736 545 1825 595 ap·
1847 540 1868 573 ⁵
1920 566 1930 583 2

208 602 364 667 paret
409 599 457 650 ei
495 596 699 665 aliquid
736 597 799 648 de
836 596 1196 665 tyrannicidio
1245 597 1569 666 cogitatum,
1610 596 1673 649 de
1756 615 1822 649 uo

211 674 474 737 tyrannus
511 685 680 736 usque
719 685 781 719 eo
809 667 1107 735 suspicatus
1134 671 1215 719 est
1250 670 1313 719 ut
1347 671 1638 736 torqueret.
1697 615 1827 735 <qSi>

213 739 408 791 dixerit
433 739 695 808 cogitasse
735 736 948 806 quidem
987 755 1042 789 se
1069 737 1132 789 de
1170 738 1528 805 tyrannicidio
1568 741 1693 790 ante
1719 741 1827 790 tor-

209 813 416 878 menta,
457 809 550 861 sed
586 809 741 860 uxori
778 826 892 860 non
927 808 1212 876 indicasse,
1253 809 1473 876 augebit
1508 809 1689 860 uxoris
1739 809 1828 860 be-

208 881 476 932 neficium.
551 879 774 931 liberius
821 879 966 930 enim
1002 878 1182 946 potuit
1226 878 1645 946 tyrannicidium
1693 878 1827 930 indi—
1852 891 1892 923 10

210 969 328 1003 care
377 950 520 1019 quod
567 950 647 1001 illi
695 949 1038 1001 commissum
1088 967 1202 1001 non
1255 953 1394 1017 erat3
1453 949 1632 1016 potuit
1684 949 1828 1001 enim

209 1040 346 1073 uxor
385 1021 544 1073 etiam
582 1038 695 1072 non
732 1019 1007 1073 indicante
1045 1020 1238 1070 marito
1264 1023 1376 1071 tam
1413 1020 1598 1088 magni
1636 1019 1828 1072 consili

209 1091 550 1144 molitionem
589 1089 1002 1159 deprehendere.
1077 1090 1153 1141 At
1190 1089 1234 1140 si
1271 1089 1416 1142 hunc
1456 1090 1691 1142 colorem
1728 1089 1826 1142 Fa-

208 1162 359 1214 biani
398 1180 618 1229 sequor,
667 1160 838 1212 multa
876 1159 1122 1213 efficiam.
1199 1160 1245 1211 si
1294 1161 1424 1212 olim
1473 1160 1535 1211 de
1586 1160 1827 1228 tyranni-

210 1232 350 1284 cidio
389 1231 652 1300 cogitaui,
703 1231 984 1283 honestior
1030 1249 1148 1282 sum
1193 1233 1350 1282 uetus
1396 1231 1735 1299 tyrannicida
1772 1234 1826 1283 et
1850 1241 1890 1273 15

209 1321 322 1354 non
370 1302 623 1370 priuatis,
674 1300 765 1353 sed
802 1300 1102 1368 (publicis)
1139 1300 1295 1352 malis
1335 1300 1402 1352 ad
1450 1301 1711 1352 ultionem
1747 1302 1827 1353 in-
1924 1315 1928 1317 ’

208 1373 414 1441 pulsus.
490 1373 535 1424 si
581 1391 702 1424 cum
751 1371 1045 1440 cogitarem
1091 1389 1204 1423 non
1252 1371 1423 1423 celaui
1460 1389 1711 1439 uxorem,
1750 1371 1827 1423 fa-

210 1443 364 1495 cilius
424 1442 755 1512 persuadebo
805 1441 1006 1493 malum
1054 1460 1138 1493 me
1194 1441 1353 1493 hodie
1408 1441 1661 1494 maritum
1714 1459 1828 1494 non

212 1532 325 1566 esse
366 1514 452 1568 cui
491 1531 699 1582 semper
745 1516 857 1565 tam
896 1511 1105 1564 deditus
1153 1511 1249 1563 fui.
1326 1512 1388 1564 ad
1436 1512 1687 1564 ultimum
1723 1511 1827 1565 hoc
1919 1552 1929 1574 „

211 1602 508 1652 consequar
546 1583 705 1652 quod,
745 1583 790 1634 si
829 1582 973 1651 quod
1010 1582 1251 1634 audierat
1286 1582 1481 1650 tacuit,
1520 1601 1632 1635 non
1669 1584 1828 1635 bene·
1849 1594 1923 1639 20.

126 1655 195 1704 20
211 1655 391 1707 ficium
430 1658 510 1706 est
546 1655 638 1706 sed
674 1653 820 1706 fides
871 1652 980 1712 Hicv
1014 1656 1094 1704 est
1131 1652 1190 1704 L.
1219 1651 1483 1719 Vinicius,
1523 1670 1628 1721 quo
1667 1670 1826 1705 nemo

214 1726 348 1778 ciuis
386 1724 663 1777 Romanus
700 1725 759 1776 in
797 1723 1017 1793 agendis
1057 1723 1228 1774 causis
1266 1723 1600 1790 praesentius
1637 1723 1828 1775 habuit

210 1796 515 1865 ingenium:
569 1794 901 1863 <quid>quid
948 1794 1115 1862 longa
1162 1794 1419 1862 cogitatio
1467 1794 1548 1845 illi
1595 1796 1828 1861 praesta-

208 1870 333 1918 tura
371 1870 512 1934 erat,
562 1867 736 1933 prima
772 1865 1004 1916 intentio
1044 1864 1210 1916 animi
1249 1863 1435 1931 dabat3
1485 1882 1549 1916 ex
1585 1868 1826 1932 tempore

211 1955 396 1989 causas
444 1937 662 2006 agebat,
714 1935 805 1987 sed
852 1954 964 1987 non
1003 1934 1337 1986 desiderabat
1382 1933 1523 1987 hane
1561 1952 1826 1986 commen·
1849 1943 1891 1975 25

211 2007 509 2075 dationem,
559 2011 619 2059 ut
658 2025 721 2058 ex
757 2009 1000 2074 tempore
1045 2022 1203 2074 agere
1241 2005 1527 2056 uideretur.
1602 2004 1684 2056 De
1722 2005 1827 2058 hoc

211 2078 487 2147 eleganter
536 2077 670 2129 dixit
716 2076 870 2128 diuus
919 2078 1224 2144 Augustus:
1284 2074 1344 2127 L.
1385 2074 1631 2127 Vinicius
1677 2075 1825 2144 inge-

327 2307 347 2344 1
379 2299 539 2357 posset
569 2307 667 2344 GTa.
696 2302 711 2356 ΙΙ
744 2303 856 2343 nihil
890 2303 1009 2342 naeu
1042 2301 1211 2353 (uacufi
1243 2303 1293 2350 T)
1326 2302 1557 2342 decretum
1590 2303 1620 2341 0
1643 2300 1658 2355 ΙΙ
1689 2304 1714 2343 3
1747 2302 1828 2342 sed

213 2365 259 2401 et
290 2362 326 2400 A
358 2373 407 2400 se
439 2364 503 2400 Ta
533 2361 614 2400 sed
646 2361 707 2399 Tb
729 2357 744 2411 ΙΙ
774 2362 801 2398 4
833 2359 1102 2398 debebimus
1141 2358 1211 2399 W.
1245 2359 1403 2398 Mizller
1431 2356 1447 2411 ΙΙ
1485 2358 1705 2399 debemus
1735 2372 1827 2399 me-

210 2418 301 2457 lius
332 2417 489 2458 deberi
522 2417 689 2456 meruit
719 2417 747 2455 G
778 2415 940 2455 melius
974 2414 1131 2454 deberi
1166 2416 1330 2454 meruit
1362 2418 1408 2464 T,
1440 2429 1556 2456 corr.
1577 2415 1700 2456 Burs.
1744 2412 1760 2467 ΙΙ
1801 2416 1826 2455 5

211 2474 439 2513 tacuisset
471 2471 524 2524 0,
557 2486 671 2514 corr.
717 2473 865 2512 Haase
907 2469 922 2523 ΙΙ
964 2472 988 2510 6
1022 2476 1068 2510 et
1100 2471 1153 2522 0,
1196 2473 1238 2511 ei
1271 2470 1315 2511 0.
1350 2472 1461 2512 Ialm
1501 2469 1517 2524 ΙΙ
1557 2471 1827 2511 tirannicidi

213 2531 241 2568 0
282 2527 297 2582 ΙΙ
344 2532 367 2570 7
403 2530 451 2570 Si
483 2532 585 2572 add.
617 2529 776 2569 Selmtt.
816 2525 832 2580 ΙΙ
876 2530 902 2568 9
931 2528 1063 2567 uxori
1094 2529 1122 2565 C
1162 2525 1177 2579 ΙΙ
1220 2529 1272 2567 10
1303 2529 1492 2580 potuitit
1521 2529 1559 2566 A
1597 2528 1749 2580 potuit
1779 2527 1828 2565 in

212 2586 267 2635 B,
309 2586 460 2638 potuit
500 2587 570 2626 ita
609 2586 770 2627 Schult.
807 2582 822 2637 ΙΙ
866 2586 916 2623 12
959 2583 1190 2624 indicante
1230 2586 1258 2623 Ο
1298 2583 1314 2636 ΙΙ
1358 2588 1408 2625 14
1452 2584 1596 2624 multa
1643 2582 1826 2623 officiae

213 2643 323 2682 olim
354 2643 381 2680 G
418 2639 433 2694 ΙΙ
476 2644 528 2683 15
562 2642 787 2694 cogitauit
817 2642 844 2679 C
881 2638 896 2691 ΙΙ
935 2642 986 2679 16
1018 2640 1214 2692 publicis
1245 2654 1321 2680 om.
1354 2642 1382 2679 c
1411 2639 1426 2693 ΙΙ
1469 2641 1519 2680 18
1552 2641 1607 2680 cs]
1640 2639 1671 2677 0
1701 2636 1718 2691 ΙΙ
1749 2637 1825 2678 de-

211 2699 338 2738 bitus
379 2699 480 2737 GTa
521 2696 536 2750 ΙΙ
586 2698 674 2738 fuit
712 2699 740 2736 G
779 2694 796 2750 ΙΙ
835 2694 939 2749 1106]
983 2696 1115 2736 huius
1145 2697 1182 2735 A
1223 2694 1239 2749 ΙΙ
1280 2699 1334 2737 20
1364 2710 1455 2737 non
1486 2697 1541 2735 de
1574 2696 1602 2734 0
1642 2693 1657 2748 ΙΙ
1698 2696 1749 2734 21
1784 2707 1823 2745 q3

214 2767 349 2794 nemo
381 2756 411 2807 Q
450 2752 465 2807 ΙΙ
514 2756 568 2794 22
601 2767 767 2795 causas
799 2755 827 2791 G
868 2751 882 2804 ΙΙ
930 2755 982 2793 23
1016 2752 1123 2804 quid
1157 2754 1184 2791 C
1224 2765 1312 2804 quo
1345 2755 1407 2792 Ta.
1446 2751 1563 2804 quod
1594 2753 1677 2799 Tb,
1709 2764 1822 2792 corr.

215 2811 249 2849 Ε
301 2808 315 2862 ss
367 2815 633 2861 praestatur
677 2814 778 2850 erat
809 2811 836 2848 G
869 2810 1134 2861 prestiterat
1163 2810 1208 2858 T,
1250 2823 1364 2850 corr.
1404 2810 1439 2848 Ε
1490 2806 1505 2860 ΙΙ
1555 2807 1683 2849 27.1.
1716 2808 1825 2846 ATb

216 2869 274 2906 .i.
307 2867 413 2906 BTa
