1942 3034
230 119 336 172 256
377 180 387 182 -
770 118 1000 161 ANNAEI
1039 118 1314 161 SENECAE
1616 135 1658 174 p.
1681 122 1765 162 374
1784 119 1835 160 Β.

227 245 402 298 indice
440 243 709 313 patefacta
746 247 827 296 est
864 242 1022 295 Bruti
1059 243 1350 296 liberorum
1387 261 1506 296 cum
1532 243 1838 312 Tarquiniis

227 315 542 368 coniuratiO.
615 313 763 383 Ergo
810 313 948 366 m‘hil
994 313 1219 366 interest
1263 331 1531 366 uenenum
1569 314 1786 367 domino
1825 314 1838 385 Η

228 385 433 438 dederit
469 385 663 453 aliquis
702 402 772 437 an
808 383 1126 454 negauerit‘?
1198 383 1378 436 Etiam
1417 384 1509 436 ubi
1545 384 1838 437 remedium

228 459 308 509 est
344 455 498 525 mori,
536 454 706 507 scelus
745 457 825 507 est
862 454 1114 507 occidere.
1163 453 1298 506 Tam
1337 455 1442 507 cito
1490 472 1588 507 uos
1626 454 1690 507 de
1727 454 1841 508 uita

227 526 432 579 domini
488 542 701 578 seruum
763 524 1040 593 desperare
1102 525 1266 578 uultis
1329 543 1488 594 quam
1549 524 1837 578 heredem?
1860 545 1880 578 5

225 594 459 649 Mortem
506 596 551 648 si
588 595 910 664 supplicium
955 598 1113 664 putas
1124 637 1139 664 ,
1189 595 1315 664 quid
1361 613 1518 666 rogas
1528 637 1543 664 ,
1591 596 1635 648 si
1681 596 1839 649 bene-

224 667 432 735 ficium,
482 666 610 735 quid
669 665 930 718 minaris?
1002 665 1290 719 Venenum
1337 666 1620 735 quisquam
1676 667 1841 720 obicit

225 737 333 789 nisi
371 735 594 790 datum?
667 735 854 805 Vllum
891 739 950 789 tu
988 736 1151 788 finem
1187 736 1351 789 facies
1388 737 1708 790 tribuniciae
1745 755 1837 806 po-

223 807 425 876 testati,
474 825 632 875 quam
670 807 903 875 populus
950 805 1225 859 Romanus
1276 810 1337 860 ut
1387 807 1500 876 ipse
1546 807 1837 876 plurimum

222 880 407 946 posset
450 878 573 946 plus
619 877 797 930 ualere
836 895 996 945 quam
1042 895 1097 929 se
1134 877 1350 931 uoluit?
1423 877 1708 930 Venenum
1745 878 1838 930 ha·
1863 897 1904 929 10

224 950 349 1000 bere
398 948 570 1000 scelus
618 951 698 1000 est
751 950 862 1000 tam
918 964 1174 1017 magnum
1221 966 1381 1016 quam
1432 948 1707 1001 dominum
1757 966 1839 1002 oc-

221 1017 416 1070 cidere.

331 1087 462 1140 Pars
500 1088 681 1140 altera.
756 1087 898 1140 Mori
935 1088 1124 1140 uolens
1148 1089 1336 1158 ⁸elegit
1372 1088 1498 1141 huic
1535 1089 1835 1142 ministerio

223 1158 613 1226 nequissimum
652 1175 889 1225 seruum,
930 1157 1207 1226 audacem,
1255 1159 1509 1212 infestum
1547 1159 1664 1211 sibi.
1739 1159 1838 1212 Ille

224 1246 337 1280 non
376 1228 536 1280 saluti
575 1227 846 1280 consuluit
870 1227 1074 1280 domini
1101 1246 1259 1296 quem
1297 1228 1514 1282 uidebat
1549 1230 1835 1283 insanabili
1859 1246 1900 1279 15

224 1298 413 1351 morbo
451 1298 737 1366 tabescere,
776 1297 868 1350 sed
904 1300 1173 1351 tormenta
1199 1299 1311 1351 eius
1338 1299 1591 1352 extendit.
1642 1299 1838 1353 Seruus

225 1368 369 1421 erilis
407 1368 620 1437 imperii
657 1385 770 1420 non
808 1385 998 1420 censor
1036 1371 1140 1437 est,
1179 1369 1271 1421 sed
1308 1369 1566 1422 minister.
1642 1371 1840 1440 Agitur

225 1438 288 1490 de
337 1439 451 1491 iure
489 1440 950 1507 testamentorum,
990 1456 1218 1507 quorum
1266 1440 1470 1493 interiit
1517 1441 1691 1493 omnis
1746 1459 1839 1509 po-

222 1511 403 1578 testas,
443 1510 487 1562 si
506 1509 720 1578 (serui)
756 1510 1006 1562 uiuorum
1044 1509 1270 1578 imperia
1306 1511 1659 1581 neglexerint,
1698 1529 1837 1564 mor-

223 1581 440 1632 tuorum
497 1579 720 1632 tribuni.
795 1579 973 1647 Itane,
1024 1580 1269 1649 furcifer,
1327 1585 1387 1634 tu
1432 1600 1544 1635 non
1593 1581 1836 1634 morieris
1860 1599 1902 1630 20

225 1649 431 1702 domini
470 1650 708 1718 arbitriO,
746 1650 1005 1703 morietur
1043 1649 1290 1704 dominus
1327 1654 1462 1705 tuo‘?

338 1837 389 1876 13
410 1834 532 1876 hunc
553 1837 598 1874 Μ
620 1833 635 1888 fl
662 1837 712 1876 19
734 1836 858 1877 serui
886 1837 986 1880 add.
1017 1835 1088 1879 W.
1110 1837 1268 1878 Miiller
1289 1835 1304 1890 ΙΙ
1328 1839 1380 1878 20
1410 1834 1597 1879 furtifer
1628 1839 1703 1876 Ha
