1942 3034
204 36 218 46 .
276 35 324 43 -.
405 0 520 45 ἐν.
1358 39 1365 45 ,
1591 43 1597 50 ,

0 0 265 161 fanos
282 105 340 150 Β.
506 101 832 147 ΕΧΟΕΒΡΤΑ
862 62 1315 147 com-noiatim.
1345 103 1400 146 v,
1546 101 1558 109 “
1627 101 1734 158 279

118 229 455 284 crediderant
489 228 620 282 uicti
645 233 773 281 sunt
807 228 1099 298 sponsione
1124 231 1179 280 et
1213 228 1318 281 hoc
1344 228 1408 282 de
1443 215 1735 298 sponsione

119 301 348 355 forsitan
407 303 629 352 uenerat
681 302 743 352 ut
800 299 1021 353 auderet
1072 298 1358 368 inpudicus
1413 300 1734 354 contionari.

117 371 258 425 Date
294 371 376 424 illi
412 374 618 424 uestem
652 370 975 439 puellarem,
1022 369 1145 423 date
1189 373 1431 423 noctem:
1479 371 1733 439 rapietur.

119 442 206 496 Sic
263 442 417 495 illum
463 441 628 494 uestis
683 445 896 520 sumpta
941 440 1143 509 decuit,
1199 444 1261 494 ut
1307 441 1578 494 uideretur
1621 459 1735 495 non

55 531 76 561 5
119 520 248 566 tunc
285 513 520 582 primum
556 511 860 579 sumpsisse.
934 510 1101 564 Facta
1128 482 1303 564 'totius
1341 511 1734 566 adolescentiae

118 585 360 651 remitte,
409 599 516 634 una
550 585 711 634 nocte
749 585 1033 634 contentus
1071 600 1214 634 sum.
1263 581 1339 636 sic
1375 583 1618 636 imitatus
1655 586 1738 635 est

116 653 378 724 puellam,
427 656 489 705 ut
531 655 805 721 raptorem
851 653 1138 706 inueniret.
1211 652 1491 733 Numquid
1528 651 1733 707 cecidi?

115 723 379 793 numquid
433 741 650 776 carmen
701 723 965 776 famosum
1017 724 1321 794 composui,
1368 728 1462 778 aut
1506 728 1569 778 ut
1614 741 1737 805 pro-

117 797 297 865 prium
333 812 502 866 genus
538 795 767 847 iniuriae
792 797 919 847 tuae
946 794 1135 861 dicam,
1173 767 1438 864 numquid
1460 798 1516 848 te
1540 793 1736 864 rapui?

56 884 96 915 10
117 868 269 936 Aput
312 870 493 935 pat-res
529 868 744 918 nostros
782 865 875 933 qui
922 865 1160 918 forensia
1197 865 1464 933 stipendia
1499 865 1739 934 auspica-

117 938 292 1006 batur,
329 936 483 990 nefas
517 937 744 1016 putabat
779 935 1063 988 brachium
1099 938 1231 1005 toga
1267 953 1525 989 exserere.
1575 953 1739 1004 quam

118 1008 280 1089 longe
323 1008 391 1060 ab
438 1006 524 1060 his
578 1006 819 1060 moribus
866 1007 1091 1059 aberant
1138 1008 1233 1075 qui
1278 1011 1391 1060 tam
1437 1005 1738 1060 uerecunde

118 1078 280 1131 etiam
318 1078 519 1131 uirtute
555 1076 890 1130 utebantur?
965 1076 1194 1130 Constat
1228 1078 1374 1131 hune
1414 1079 1736 1146 stupratum,

119 1166 240 1203 cum
278 1148 518 1202 damnati
554 1152 734 1201 essent
771 1148 864 1217 qui
902 1153 1213 1218 rapuerunt.

55 1236 97 1269 ιε
225 1219 356 1273 Pars
393 1220 575 1273 altera.
639 1218 866 1273 Constat
902 1236 1111 1288 semper
1136 1235 1375 1288 grauem,
1415 1235 1625 1287 semper
1661 1234 1739 1269 se-

117 1290 258 1343 rium
294 1291 485 1359 fuisse3
524 1290 617 1343 sed
644 1290 752 1343 hoc
787 1290 918 1342 iocis
957 1290 1377 1343 adolescentium
1413 1289 1617 1342 factum
1644 1289 1739 1340 est.

119 1361 369 1415 Ceterum
415 1365 529 1413 tam
575 1365 709 1414 nota
754 1366 868 1413 erat
915 1362 1236 1415 uerecundia
1283 1361 1420 1429 eiuS,
1471 1364 1532 1412 ut
1578 1375 1740 1412 nemo

121 1434 227 1486 iam
266 1433 381 1485 sine
419 1433 708 1500 sponsione
747 1430 1043 1484 crediderit.
1075 1432 1092 1500 ΙΙ

466 1669 1172 1740 <CONTROVERSIA
1212 1671 1389 1740 vn.)

54 1786 98 1819 ²⁰
433 1786 558 1829 NON
600 1787 862 1829 RECEPTI
894 1787 971 1828 AB
1013 1785 1431 1828 121PERA.TORE

120 1896 294 1951 Nocte
342 1898 398 1951 in
444 1896 587 1950 bello
627 1902 808 1966 portas
845 1902 1051 1966 aperire
1090 1915 1158 1950 ne
1208 1897 1381 1950 liceat.
1444 1894 1525 1948 Im
1567 1898 1745 1948 erator

263 1968 319 2021 in
366 1967 508 2021 bello
546 1985 810 2020 summam
847 1967 1047 2021 habeat
1090 1971 1428 2037 potestatem.
1539 1965 1743 2019 recenti

261 2039 329 2091 ab
366 2038 521 2092 hoste
559 2038 759 2107 captiui
797 2038 864 2091 ad
901 2043 1084 2107 portas
1121 2044 1279 2092 noete
1318 2040 1611 2118 uenerunt,
1649 2036 1745 2089 im-

260 2114 478 2195 perator
523 2127 635 2163 non
681 2109 918 2179 aperuit3
974 2112 1099 2163 ante
1159 2115 1342 2178 portas
1390 2108 1553 2162 occisi
1603 2109 1743 2161 sunt.

56 2193 98 2225 ι’»
262 2186 333 2233 im
373 2184 551 2304 frater
607 2186 730 2249 post
784 2180 1066 2233 uictoriam
1115 2198 1236 2234 reus
1283 2184 1364 2233 est
1420 2179 1595 2233 laesae
1642 2177 1745 2231 rei-

262 2268 334 2319 pu
394 2267 507 2304 icae

228 2346 356 2403 Non
392 2353 580 2418 putaui
618 2366 781 2403 meos.
830 2354 1100 2403 nouerant
1136 2350 1326 2421 legem.
1377 2348 1501 2418 Cur,
1540 2346 1744 2418 inquid,

123 2423 349 2472 trecent1
352 2420 708 2542 fuerunt?
770 2420 934 2474 immo
983 2439 1104 2489 eur,
1161 2439 1231 2474 ne
1286 2423 1547 2505 perirent²
1604 2422 1746 2488 eapti

123 2488 290 2542 sunt?
406 2507 466 2543 os
503 2506 605 2560 ego
652 2490 883 2544 interdiu
930 2510 1042 2545 non
1087 2496 1401 2561 recepissem
1439 2495 1541 2543 nisi
1579 2489 1747 2544 uicto-

253 2689 279 2728 2
313 2689 516 2730 forsitam
548 2690 591 2730 Ι
631 2687 648 2741 ss
688 2694 739 2731 ut
768 2690 951 2733 audiret
979 2693 1025 2732 x
1065 2692 1080 2745 ΙΙ
1123 2694 1149 2734 8
1190 2693 1399 2746 numquit
1436 2692 1510 2730 Ha
1531 2688 1547 2742 ΙΙ
1586 2691 1635 2730 11
1668 2701 1748 2743 1³¹1·

119 2800 308 2842 “batur
339 2802 412 2842 m»
446 2801 465 2854 Η
509 2804 558 2843 12
590 2762 734 2854 qullim
763 2803 809 2843 Ι
848 2800 868 2856 ΙΙ
909 2805 960 2848 18
990 2817 1076 2847 con
1108 2807 1152 2845 Π
1192 2804 1209 2859 ΙΙ
1254 2807 1305 2847 14
1337 2803 1543 2846 damnati
1576 2802 1619 2843 ei
1651 2801 1751 2843 sint

130 2855 203 2898 W.
233 2856 394 2900 Mamer
