1942 3034
184 73 291 127 236
709 71 943 116 ANNAEI
974 72 1250 116 SENECAE
1591 88 1634 128 p,
1652 75 1734 116 354
1749 74 1804 115 Β.

187 199 460 252 aduersus-
486 202 693 268 patrem
739 198 1049 251 iniuriosior
1086 197 1230 266 quod
1277 198 1544 251 abstulisti
1592 199 1803 258 1111113-

185 269 366 322 redem
405 287 475 322 an
512 269 657 338 quod
694 268 901 322 dedisti.
977 268 1281 337 Adoptauit
1319 269 1432 321 eius
1470 269 1642 329 filium
1679 287 1800 338 pro-

189 343 311 408 pter
348 358 509 409 quam
547 340 774 392 eiecerat
812 357 983 391 suum.
1024 339 1037 408 l}

549 548 1270 617 <CONTROVERSIA
1333 550 1437 619 V.>

470 665 673 706 TORTA
711 665 749 706 A
779 665 1066 708 TYRANNo
1106 665 1224 706 PRo
1266 665 1515 708 MARITo.

188 789 356 843 Torta
393 808 424 842 a
460 794 692 859 tyranno
731 808 882 857 uxor,
920 789 1185 859 numquid
1212 790 1274 842 de
1301 790 1406 842 uiri
1442 790 1800 870 tyrannicidio

329 861 503 930 sciret,
544 832 910 929 perseuerauit
930 878 1148 941 negare.
1185 863 1389 940 ‘postea
1427 861 1650 913 maritus
1689 861 1801 913 eius

328 934 621 999 tyrannum
661 931 872 984 occidit.
924 931 1068 983 intra
1106 932 1537 1000 quinquennium
1562 949 1675 983 non
1711 949 1802 999 pa—

326 1002 556 1054 rientem
614 1002 910 1054 sterilitatis
966 1002 1186 1054 nomine
1244 1001 1458 1054 dimisit.
1534 1002 1648 1071 agit
1708 1002 1802 1053 illa

323 1073 541 1141 ingrati.
1823 1082 1867 1114 10

295 1170 403 1225 Eas
439 1169 657 1238 nuptias
694 1170 1114 1237 tyrannicidium
1153 1170 1375 1238 diduxit,
1416 1188 1547 1238 quas
1576 1188 1688 1223 non
1727 1170 1800 1222 (11-

190 1241 342 1292 duxit
378 1243 655 1309 tyrannus
719 1240 1093 1292 Trahebantur
1127 1244 1420 1308 matronae,
1459 1241 1803 1308 rapiebantur

189 1311 448 1381 uirgineS,
476 1310 656 1362 nullae
683 1314 812 1362 tunc
837 1310 1161 1363 uidebantur
1186 1310 1452 1363 feliciores
1479 1329 1640 1378 quam
1666 1329 1801 1379 quae

190 1382 389 1434 liberos
428 1399 541 1433 non
578 1380 863 1433 habebant.
918 1379 1226 1449 Suspicatus
1253 1385 1333 1433 est
1369 1381 1514 1433 hunc
1539 1385 1801 1450 tyrannus

190 1452 254 1504 de
305 1451 667 1521 tyrannicidio
719 1452 981 1532 cogitare,
1040 1451 1152 1504 siue
1200 1452 1289 1504 isti
1346 1451 1549 1519 aliquid
1605 1451 1801 1504 excidit
1824 1460 1870 1494 15

183 1523 296 1575 siue
347 1540 460 1574 non
495 1522 632 1574 bene
670 1522 808 1591 tegit
855 1493 1037 1574 uult²us
1084 1539 1281 1591 magna
1320 1523 1566 1590 consilia3
1620 1526 1802 1575 tamen

185 1593 250 1645 de
296 1592 478 1645 uxoris
529 1592 845 1661 garrulitate
893 1593 1044 1660 queri
1090 1611 1202 1646 non
1247 1596 1450 1661 potest,
1501 1611 1621 1645 cum
1669 1593 1802 1645 sciat

187 1662 638 1732 quemadmodum
674 1667 863 1715 taceat.
925 1663 1169 1732 Inposita
1206 1663 1264 1714 in
1302 1663 1542 1715 eculeum
1590 1664 1800 1731 saepius

189 1733 256 1786 ad
306 1734 579 1786 absentem
627 1734 804 1785 uirum
851 1734 1084 1802 respexit
1133 1752 1293 1802 quam
1344 1733 1410 1786 ad
1464 1738 1800 1802 praesentem

186 1807 496 1873 tyrannum.
571 1803 888 1883 Explicatur
934 1807 1081 1856 totus
1121 1804 1372 1856 aduersus
1419 1804 1688 1856 infelicem
1725 1804 1799 1856 fe-
1823 1812 1865 1845 20

181 1875 384 1926 minam
433 1874 748 1954 tyrannicae
787 1875 1116 1927 crudelitatis
1156 1878 1443 1943 apparatus
1482 1878 1535 1927 et
1581 1875 1674 1927 illa
1719 1875 1798 1926 in-

182 1947 481 1997 strumenta
527 1945 768 1997 uirorum
817 1963 1030 2014 quoque
1081 1946 1289 1998 animos
1341 1946 1458 2025 ipso
1498 1945 1618 1998 uisu
1654 1944 1798 1998 fran-

180 2015 366 2085 gentia
404 2015 470 2066 ad
509 2015 879 2068 excutiendam
929 2016 1204 2068 muliebris
1253 2016 1485 2084 pectoris
1522 2016 1797 2068 scientiam

181 2088 578 2155 proponuntur,
618 2087 930 2139 uerberibus
957 2104 1149 2155 corpus
1184 2087 1534 2154 abrumpitur.
1582 2084 1636 2137 N
1640 2103 1795 2153 esem,

181 2156 509 2224 respublica,
560 2174 630 2208 an
678 2156 780 2209 tibi
829 2158 931 2209 ista
977 2157 1170 2209 mulier
1217 2155 1405 2208 datura
1455 2156 1525 2208 sit
1572 2155 1795 2224 liberos3
1820 2169 1865 2202 25

179 2227 576 2306 tyrannicidam
614 2226 784 2279 dedit.
868 2227 1082 2279 Miraris
1129 2227 1173 2278 si
1229 2227 1445 2279 transiit
1501 2226 1797 2295 quinquen-

179 2315 332 2348 nium
379 2296 522 2348 inter
578 2315 799 2349 uxorem
854 2300 1052 2349 tortam
1106 2299 1159 2349 et
1205 2301 1522 2365 occupatum
1579 2297 1796 2349 uirum?

183 2365 418 2419 Scissum
456 2384 648 2434 corpus
686 2367 927 2436 flagelliS,
966 2368 1092 2436 igne
1126 2367 1372 2419 adustum
1409 2367 1797 2436 tormentisque

185 2437 520 2489 conuulsum.
581 2437 871 2506 ignoscetis
908 2441 1040 2505 puto
1078 2438 1291 2490 mulieri
1329 2439 1373 2489 si
1412 2438 1618 2491 dixero.
1656 2438 1798 2490 fessa

181 2510 276 2559 est.
354 2505 493 2568 Quid
531 2507 891 2575 tyrannicidio
932 2508 1219 2577 gloriaris?
1257 2507 1466 2560 facilius
1503 2516 1582 2561 est
1617 2512 1795 2577 tyran-
1816 2521 1862 2552 30

183 2595 317 2630 num
375 2577 614 2630 occidere
666 2596 826 2646 quam
882 2579 1160 2631 sustinere.
1236 2578 1499 2645 Verbera,
1549 2579 1792 2646 laminae,

291 2763 316 2802 5
347 2761 619 2805 TIRANNO
651 2764 697 2801 Μ
717 2760 732 2816 ΙΙ
757 2764 808 2803 16
840 2764 958 2804 texit
990 2765 1009 2804 ‘?
1040 2762 1055 2816 ΙΙ
1080 2765 1132 2804 18
1165 2763 1398 2804 aeculeum
1428 2765 1473 2802 Μ
1493 2761 1508 2816 ΙΙ
1545 2764 1596 2802 21
1633 2768 1792 2814 tyran·

174 2817 283 2860 nide
314 2819 358 2857 Μ
378 2816 395 2872 ΙΙ
417 2820 471 2859 26
502 2820 671 2861 transit
699 2819 764 2869 Μ,
799 2821 913 2873 quod
942 2822 1120 2860 eorreoez·
1141 2817 1156 2872 ΙΙ
1180 2822 1233 2862 29
1265 2819 1548 2861 cumuulsum
1578 2820 1623 2857 Μ
