1942 3034
196 135 300 188 308
330 194 353 199 -.
720 133 952 176 ANNAEI
982 132 1257 175 SENECAE
1605 148 1647 188 p⁴
1664 96 1742 175 192
1759 133 1811 175 Β.

201 259 410 312 etiamsi
437 260 722 310 nocentem
751 257 975 309 fratrem
999 276 1112 310 non
1138 257 1346 310 occidit.
1394 258 1482 311 hic
1513 258 1670 310 dixit:
1700 275 1814 310 non

200 330 377 398 licuit,
415 346 528 381 non
566 328 749 395 debui,
797 345 910 380 non
947 328 1116 396 potui.
1190 330 1281 380 An
1317 328 1435 396 (si)
1471 329 1815 380 innocentem

201 418 314 453 non
353 399 623 452 occiderit.
680 397 879 450 bellam
916 415 1031 450 rem
1067 398 1171 451 hoc
1208 399 1328 451 loco
1368 398 1627 451 Geminus
1665 398 1813 464 dixit,

201 488 323 523 cum
361 470 623 538 coepisset
658 486 755 536 per
793 468 968 520 omnis
1006 486 1259 521 numeros
1283 469 1506 521 fratrem
1541 473 1815 536 tamquam

198 559 349 593 reum
377 538 687 591 defendere:
727 538 880 607 dicet,
920 539 1114 607 inquit,
1152 539 1370 608 aliquis:
1410 542 1541 591 ‘tam
1571 556 1689 591 sero
1729 538 1814 590 de·
1837 552 1857 585 5

198 609 438 663 fendis’?
487 627 599 662 non
645 608 799 677 potui
837 609 1018 661 citius:
1055 609 1215 662 hodie
1252 609 1485 677 primum
1522 627 1605 661 res
1642 609 1700 660 in
1737 608 1815 661 fo-

198 699 320 734 rum
358 679 534 732 delata
560 681 653 731 est.
704 678 1036 731 Nouissime:
1074 698 1143 732 an
1170 680 1329 732 etiam
1366 682 1651 732 nocentem
1687 679 1815 731 satis

198 750 455 820 punierit.

115 830 184 878 20
306 820 388 873 De
438 819 616 872 colore
664 819 806 871 inter
851 822 1113 872 maximos
1161 822 1214 871 et
1264 822 1501 871 oratores
1549 822 1601 870 et
1648 818 1817 870 decla·

199 894 433 944 matores
461 890 792 958 disputatum
830 892 911 942 est
947 893 1197 942 utrumne
1233 888 1437 957 aliquid
1462 888 1677 940 deberet
1714 888 1818 940 dici
1842 903 1882 934 10

199 962 258 1014 in
295 978 587 1014 nouercam
625 978 695 1011 an
741 959 897 1011 nihil.
970 959 1296 1012 PASSIENVS
1337 962 1391 1011 et
1427 960 1726 1011 ALBVCIVS
1766 961 1819 1010 et

199 1035 413 1100 praeter
462 1033 700 1083 oratores
747 1046 943 1098 magna
991 1047 1258 1082 nouorum
1304 1029 1582 1081 rhetorum
1629 1046 1818 1080 manus

200 1103 259 1154 in
282 1101 424 1154 hanc
453 1103 662 1169 partem
685 1100 1043 1167 transierunt3
1082 1099 1304 1152 fuerunt
1340 1102 1394 1151 et
1423 1098 1515 1167 qui
1540 1099 1598 1150 in
1629 1116 1819 1150 nouer-

202 1190 319 1224 cam
365 1171 774 1239 inueherentur3
828 1170 1048 1222 fuerunt
1094 1173 1148 1222 et
1195 1169 1276 1220 illi
1314 1169 1406 1236 qui
1452 1187 1566 1221 non
1604 1168 1818 1236 quidem

200 1242 380 1310 palam
407 1241 661 1307 dicerent,
700 1239 792 1291 sed
829 1257 925 1307 per
950 1240 1279 1307 suspiciones
1314 1242 1368 1291 et
1403 1239 1619 1307 figuras,
1658 1256 1818 1306 quam
1844 1254 1883 1285 15

201 1330 315 1364 rem
351 1329 465 1363 non
511 1310 776 1378 probabat
811 1309 1098 1361 Passienus
1137 1312 1191 1361 et
1236 1309 1413 1360 aiebat
1459 1308 1637 1359 minus
1674 1325 1820 1359 uere-

202 1380 438 1435 cundum
464 1398 577 1433 esse
605 1383 698 1432 aut
727 1379 1008 1432 tolerabile
1047 1379 1308 1431 infamare
1345 1395 1635 1430 nouercam
1662 1395 1822 1446 quam

203 1454 474 1505 accusare.
545 1449 774 1511 Quidam
828 1450 1094 1518 principia
1142 1452 1354 1501 tantum
1408 1448 1713 1500 habuerunt
1765 1448 1823 1499 in

203 1541 299 1575 sua
336 1523 619 1590 potestate,
660 1520 850 1572 deinde
888 1520 1053 1573 ablati
1091 1522 1218 1572 sunt
1254 1519 1474 1587 impetu,
1524 1518 1821 1570 excusatius

203 1596 286 1645 est
322 1594 503 1644 autem
540 1591 598 1643 in
623 1590 827 1643 malum
862 1590 1096 1643 colorem
1132 1589 1365 1641 incidere
1392 1606 1552 1656 quam
1576 1588 1820 1640 transire.
1845 1604 1886 1635 20

202 1662 404 1715 LATRO
455 1661 610 1713 illum
657 1660 957 1713 introduxit
1005 1660 1239 1713 colorem
1285 1662 1489 1711 rectum
1537 1658 1594 1709 in
1642 1675 1823 1709 narra-

203 1734 369 1801 tione,
411 1750 517 1800 quo
568 1749 664 1800 per
699 1733 871 1784 totam
909 1731 1177 1783 actionem
1214 1747 1340 1781 usus
1378 1731 1483 1780 est:
1523 1746 1636 1780 non
1670 1728 1823 1795 potui

204 1802 461 1857 occidere.
511 1804 564 1853 et
592 1819 713 1854 cum
740 1801 1102 1869 descripsisset
1126 1799 1337 1869 ingenti
1363 1798 1555 1867 spiritu
1588 1798 1824 1850 tituban-

203 1877 315 1926 tem
345 1875 399 1925 et
430 1873 573 1924 inter
611 1871 998 1942 cogitationem
1028 1870 1211 1922 fratris
1239 1867 1515 1922 occidendi
1544 1867 1823 1920 conciden-

205 1947 332 2012 tem,
373 1943 531 1994 dixit:
569 1959 820 2010 nouerca,
859 1942 994 1994 aliut
1019 1958 1213 2009 quaere
1239 1941 1298 1991 in
1322 1939 1633 2008 priuignum
1670 1941 1822 1990 tuum
1846 1950 1888 1983 25

123 2020 187 2067 21
208 2014 437 2081 crimen3
475 2013 565 2065 hic
601 2012 945 2081 parricidium
981 2029 1095 2063 non
1118 2012 1298 2079 potest
1333 2009 1524 2061 facere.
1576 2007 1823 2060 CESTIVS

207 2084 386 2138 colore
424 2083 530 2135 alio
566 2101 692 2135 usus
731 2085 827 2134 est.
868 2082 885 2151 ΙΙ
925 2081 1362 2147 TransiebamuS,
1401 2078 1603 2145 inquit,
1642 2094 1825 2128 secun-

208 2155 335 2206 dum
371 2153 557 2206 matris
597 2153 919 2220 sepulcrum.
966 2152 1219 2203 inuocare
1259 2148 1436 2216 coepit
1472 2164 1655 2199 manes
1694 2147 1822 2198 eius.

207 2227 384 2277 motus
422 2242 555 2276 sum.
630 2227 684 2274 et
720 2222 915 2290 puerili
953 2239 1112 2273 sensu
1142 2219 1376 2272 colorem
1413 2216 1823 2269 transcucurrit:

209 2294 339 2363 quid
374 2292 646 2345 facerem?
685 2292 888 2359 inquit:
929 2289 1169 2343 occidere
1206 2292 1358 2357 pater
1384 2288 1618 2355 iubebat,
1658 2290 1827 2339 mater
1850 2299 1890 2333 30

328 2480 348 2516 1
383 2476 502 2516 dicit
535 2473 649 2528 0112
679 2473 701 2496 *
723 2475 762 2515 si
793 2477 894 2515 add.
927 2487 1020 2527 eqo,
1052 2474 1106 2516 N.
1130 2473 1307 2525 Madvig]
1329 2470 1344 2525 R
1366 2474 1393 2512 4
1423 2471 1686 2524 coepissent
1715 2473 1744 2510 G
1765 2469 1781 2523 u
1803 2473 1829 2511 5
1922 2452 1942 2544 Ξ

213 2532 424 2575 defendit
455 2532 486 2571 0
508 2529 524 2585 ΙΙ
545 2534 571 2573 9
604 2532 753 2572 colere
784 2530 817 2569 B
839 2529 854 2583 ΙΙ
879 2532 930 2571 10
962 2530 1131 2581 aliquis
1163 2531 1191 2567 c
1212 2526 1228 2581 ΙΙ
1253 2530 1302 2568 11
1334 2527 1416 2568 Pd.
1450 2527 1598 2569 Senus
1628 2528 1680 2577 0,
1712 2540 1826 2568 corr.
1929 2554 1934 2566 ‚

212 2591 269 2634 N.
299 2589 442 2630 Faber
482 2587 497 2641 ΙΙ
539 2589 591 2628 12
621 2587 840 2629 bonorum
875 2587 974 2637 OE,
1013 2599 1129 2629 corr.
1164 2586 1296 2626 Gron.
1340 2582 1356 2636 ΙΙ
1393 2588 1621 2624 rectorum
1651 2586 1683 2623 Τ
1722 2581 1737 2635 ΙΙ
1778 2585 1830 2623 13
1923 2605 1931 2610 ι’

212 2643 239 2671 *
258 2644 598 2685 transifuerant
628 2645 656 2682 G
685 2643 1000 2684 transiuerant
1031 2644 1086 2691 T,
1117 2641 1305 2681 transiit
1335 2643 1387 2680 ut
1416 2640 1475 2690 E,
1506 2652 1621 2682 corr.
1652 2652 1744 2692 ego,
1777 2639 1830 2678 N.
1919 2639 1922 2644 ’

215 2702 392 2753 Madvig
413 2698 429 2754 ΙΙ
454 2702 506 2741 14
535 2699 815 2741 ueherentur
846 2702 878 2738 T
901 2696 916 2751 ΙΙ
940 2698 992 2738 18
1023 2696 1206 2751 quidem
1231 2698 1259 2735 c
1281 2693 1296 2749 ΙΙ
1319 2698 1373 2737 20
1403 2695 1552 2737 colore
1582 2695 1620 2734 A
1640 2693 1656 2748 ΙΙ
1678 2697 1732 2735 22
1763 2698 1829 2734 to·
1914 2703 1934 2726 τ·

213 2761 311 2798 tum
341 2758 368 2796 C
390 2755 406 2810 ss
429 2758 583 2809 potuit
612 2756 644 2795 0
664 2753 680 2808 ΙΙ
701 2757 757 2796 24
784 2756 1196 2807 interrogationem
1227 2754 1268 2803 C,
1290 2765 1404 2794 corr.
1425 2752 1592 2803 Haase,
1629 2752 1680 2792 N.
1703 2750 1830 2790 Mad-
1912 2714 1935 2813 ξ

214 2816 282 2867 viy
302 2811 319 2866 ΙΙ
340 2814 395 2854 25
426 2811 662 2853 noum-eali
691 2815 742 2852 ut
772 2814 799 2851 G
822 2809 838 2863 ΙΙ
860 2812 914 2852 28
944 2811 1064 2850 man'
1095 2810 1133 2848 A
1153 2806 1169 2861 ΙΙ
1190 2810 1245 2849 29
1276 2808 1376 2861 pari
1407 2819 1543 2849 sensu
1573 2807 1628 2847 N.
1653 2806 1797 2847 Faber·
1817 2803 1830 2859 l]
1910 2810 1933 2855 ᾗ

217 2881 403 2911 sensum
434 2870 537 2909 GTa.
557 2866 573 2921 ΙΙ
596 2870 650 2910 30
682 2867 802 2921 quod
834 2870 896 2907 Ta
917 2864 932 2919 ΙΙ
956 2867 1115 2907 iubeat
1146 2867 1183 2904 A
1904 2855 1932 2940 ἐ

1910 2930 1924 2950 C

1900 2943 1942 3034 ᾖ,
