1898 3054
747 125 1106 167 PRAEFATIO.
1613 136 1746 175 VIIII

80 292 86 302 .
130 252 272 305 enim
311 255 438 304 sunt
475 268 611 320 quae
637 250 934 303 Bursianus
971 250 1073 302 hac
1112 249 1176 301 de
1214 267 1271 302 re
1301 253 1478 315 praef.
1503 268 1558 316 p.
1583 249 1747 303 XIIII

124 322 335 391 narrat)
373 322 432 374 in
465 321 670 392 graecis
695 321 788 373 ubi
825 320 1059 389 primum
1086 324 1433 373 occurrerunt
1468 320 1744 389 haesisset,

126 392 263 445 alter
298 409 428 445 uero
466 409 603 460 opus
638 391 835 444 iterum
873 390 1221 460 adgressurus
1258 409 1441 443 rursus
1479 391 1546 443 ab
1584 390 1744 443 initio

126 463 402 531 inciperet.
440 460 689 514 Duorum
714 461 1153 531 apographorum
1179 460 1547 514 diuersitatem
1572 461 1743 531 signis

126 536 185 586 81
221 535 277 585 et
312 534 379 585 82
414 531 649 584 distinxi.
682 531 997 601 Brugensis
1034 531 1166 584 libri
1201 531 1260 584 in
1298 530 1531 584 Senecae
1568 531 1747 583 uerbis
1815 551 1823 557 ·

126 602 474 656 emendandis
511 620 639 654 usus
675 601 789 655 fere
825 602 1034 670 nulluS,
1073 603 1255 671 itaque
1294 603 1408 655 eius
1435 602 1747 670 discrepan-

126 673 259 726 tiam
303 673 620 742 plerumque
666 673 851 741 omisi3
899 672 1149 726 Toletani
1199 673 1522 742 scripturam
1569 671 1748 741 pristi-

133 761 262 796 nam
299 743 536 796 elicienti
572 761 686 796 non
723 746 805 796 est
839 743 1224 868 neglegendus·

234 812 307 865 Hi
331 817 461 867 sunt
483 814 677 881 quibus
702 832 830 867 usus
856 832 973 866 sum
1038 831 1231 867 enecae
1258 813 1481 867 codiceS.
1522 812 1745 866 Praeter

126 884 292 937 libros
329 902 458 937 uero
485 884 915 937 emendationem
942 883 1174 938 Senecae
1213 902 1278 936 ex
1316 884 1583 953 excerptis
1619 901 1749 952 pen-

126 956 267 1023 dere,
305 972 441 1023 quae
476 958 594 1007 tum
631 955 955 1007 concinnata
992 958 1120 1008 sunt
1157 973 1278 1008 cum
1305 973 1371 1007 ex
1397 954 1581 1007 decem
1618 971 1744 1007 con-

124 1026 508 1078 trouersiarum
545 1025 696 1077 libris
735 1025 929 1095 quibus
971 1026 1085 1078 inte
1154 1044 1245 1078 um
1285 1026 1569 1078 constabat
1606 1042 1742 1093 opus

124 1096 367 1162 nondum
414 1096 654 1165 quinque
702 1096 976 1165 perierant
1020 1096 1092 1149 ho
1131 1096 1181 1149 ie
1233 1097 1293 1148 in
1339 1095 1587 1149 confesso
1645 1098 1740 1148 est.

124 1169 174 1219 A
237 1184 305 1219 ue
361 1171 734 1235 excerptorum
789 1167 987 1220 codicis
1042 1167 1235 1236 optimi
1280 1165 1745 1235 Montepessulani

128 1170 236 1359 {317
260 1254 342 1289 nr.
369 1237 468 1289 126
505 1237 703 1289 saeculi
730 1236 780 1289 X
818 1237 1083 1307 scriptura
1118 1237 1255 1290 mihi
1280 1237 1496 1290 aliunde
1533 1237 1640 1289 nisi
1678 1253 1744 1289 ex

178 1307 380 1360 ursiani
426 1306 776 1360 adnotatione
823 1312 955 1361 nota
1001 1326 1114 1361 non
1162 1311 1298 1376 erat3
1350 1307 1529 1360 addidi
1576 1307 1636 1360 in
1683 1325 1746 1359 ea

126 1381 278 1447 parte
324 1396 431 1447 qua
467 1376 974 1447 Montepessulanus
1023 1379 1161 1431 liber
1205 1378 1367 1431 hodie
1414 1378 1524 1448 legi
1560 1377 1752 1447 nequit

134 1448 454 1517 scripturam
488 1447 723 1501 Parisini
762 1447 820 1572 ΕΡ
880 1468 962 1502 nr.
991 1451 1020 1502 7
1026 1449 1129 1502 836
1167 1467 1301 1502 saec.
1327 1448 1462 1501 XIII
1501 1447 1588 1520 [cf.
1616 1447 1751 1500 Bur-

135 1519 273 1571 siani
315 1522 496 1584 praef.
539 1537 594 1584 p.
633 1518 759 1572 XVI
791 1450 862 1591 Il.
939 1518 1095 1582 Quod
1143 1523 1323 1573 autem
1379 1522 1753 1588 excerptorum

137 1589 306 1642 libros
331 1607 429 1642 suo
455 1607 721 1658 quemque
747 1590 867 1643 loco
893 1590 1178 1644 inserendo
1204 1590 1483 1660 uolgarem
1509 1589 1753 1643 ordinem

138 1678 247 1728 quo
286 1659 385 1713 sub
422 1660 530 1712 fine
566 1660 736 1712 totius
762 1661 940 1729 operis
977 1659 1329 1730 delituerunt,
1369 1661 1600 1730 deserui,
1640 1677 1755 1713 non

134 1735 215 1783 est
251 1748 347 1783 cur
380 1730 566 1783 multis
604 1729 902 1785 defendam.

235 1800 303 1853 In
338 1800 570 1854 lectione
610 1801 987 1855 constituenda
1012 1819 1130 1854 eam
1167 1803 1343 1872 legem
1379 1806 1590 1855 secutus
1615 1819 1749 1854 sum

138 1876 198 1924 ut
238 1871 485 1940 inprimis
522 1875 609 1925 AB
647 1872 955 1926 auctoritati
999 1891 1266 1942 parerem3
1316 1891 1490 1942 pauca
1536 1876 1752 1942 praeter

134 1941 515 2011 supplementa
551 1943 813 2011 quaedam
856 1943 1158 1996 necessaria
1194 1947 1249 1997 et
1296 1944 1403 1996 iam
1450 1943 1649 1996 dudum
1686 1944 1753 1996 ab

137 2011 434 2065 editoribus
471 2018 686 2082 recepta
716 2032 780 2066 ex
817 2018 913 2068 Tv
948 2013 1052 2067 fide
1091 2014 1253 2067 dubia
1275 2013 1494 2067 nouaui.
1542 2014 1600 2066 in
1639 2032 1755 2066 uer-

137 2083 331 2136 borum
379 2083 784 2137 scribendorum
831 2084 1041 2138 ratione
1080 2084 1299 2154 optimis
1335 2088 1420 2137 AB
1469 2084 1753 2138 obsecutus

135 2171 274 2222 sum,
312 2157 548 2207 ceterum
587 2153 651 2207 de
689 2155 1013 2224 aequalitate
1052 2155 1347 2225 scripturae
1394 2155 1574 2208 minus
1612 2155 1755 2207 solli—

133 2224 289 2277 citus.
340 2242 454 2277 non
490 2224 681 2278 admisi
718 2229 898 2279 autem
933 2244 996 2279 ea
1023 2244 1159 2295 quae
1197 2226 1457 2297 ingruens
1482 2225 1756 2279 barbaries

139 2294 350 2347 inuexit
394 2300 662 2362 monstra,
711 2296 862 2351 uelut
904 2297 1091 2350 tertias
1139 2298 1427 2350 uerborum
1465 2297 1523 2349 in
1559 2301 1634 2348 -d
1669 2314 1754 2349 ex-

138 2369 356 2432 eunte8‚
394 2365 481 2419 uel
519 2365 779 2436 seculum,
817 2368 1046 2437 penitet,
1086 2368 1191 2420 alia
1228 2367 1283 2420 id
1320 2385 1504 2438 genus,
1578 2385 1754 2437 neque

134 2434 386 2489 codicum
422 2438 798 2491 auctoritatem
824 2441 1036 2491 secutus
1074 2457 1192 2491 sum
1218 2438 1275 2491 in
1301 2437 1596 2491 scribendis
1632 2455 1753 2492 con-

130 2510 285 2569 ditio,
325 2512 546 2573 simpuio,
574 2514 798 2573 divissio,
830 2526 1053 2572 accuss0,
1096 2521 1187 2561 ete.
1228 2508 1535 2578 uocabulis;
1574 2508 1632 2561 in
1670 2509 1753 2563 his

136 2576 282 2628 enim
337 2577 537 2630 saeculi
592 2578 783 2631 decimi
839 2579 1082 2632 codicum
1142 2579 1272 2633 fides
1326 2578 1490 2632 nulla.
1564 2578 1754 2649 Itaque

136 2646 612 2717 orthographicam
639 2667 799 2718 quam
836 2654 1035 2703 uocant
1060 2650 1162 2703 scri
1203 2654 1356 2703 turae
1385 2649 1753 2703 diuersitatem

130 2715 388 2770 adnotare
426 2717 540 2771 fere
578 2719 759 2788 omisi,
806 2738 875 2773 ne
913 2721 1081 2774 moles
1130 2739 1160 2773 a
1200 2720 1495 2774 notationis
1543 2720 1629 2773 uel
1678 2720 1754 2773 sic

134 2787 241 2840 iam
281 2791 495 2856 praeter
523 2807 670 2858 spem
697 2790 906 2860 amplae
932 2791 1271 2845 incommode
1297 2794 1610 2861 augeretur3
1650 2790 1754 2843 nisi

129 2857 219 2909 ubi
273 2856 403 2910 talia
450 2859 516 2911 ad
573 2859 817 2913 codicum
872 2861 1336 2930 deprauationem,
1386 2865 1440 2913 et
1494 2861 1749 2913 uitiorum
