1936 3100
229 144 346 208 474
751 144 984 188 ANNAEI
1004 145 1279 188 SENECAE
1619 162 1663 203 p.
1683 151 1765 192 303
1785 151 1840 192 B.

231 269 493 321 inuidiam
517 269 653 322 mihi
678 268 870 339 facere,
910 288 1032 323 cum
1058 270 1333 323 dixissem:
1373 289 1561 324 accusa
1585 290 1687 340 me,
1724 291 1838 326 non

229 340 442 409 negasti
489 343 542 392 te
599 343 995 409 accusaturum,
1042 341 1134 394 sed
1179 341 1528 410 respondisti:
1578 345 1836 396 accusabo

230 427 353 463 cum
389 413 579 479 potero
598 415 631 463 ².
681 410 911 481 Ignosce
948 411 1109 480 mihi,
1147 429 1261 464 non
1297 412 1467 482 magis
1516 431 1838 482 quemquam

230 480 403 533 adhuc
464 498 712 533 accusare
772 499 991 549 possum
1054 500 1215 550 quam
1275 483 1576 536 absoluere:
1640 501 1838 552 quaero

230 551 349 619 quis
386 551 590 603 fecerit.
652 550 798 604 Haec
835 551 978 604 leuia
1014 556 1332 622 argumenta
1368 556 1509 622 sunt,
1547 572 1690 606 uana
1714 557 1840 607 sunt
1861 575 1883 608 5

231 639 367 689 quae
406 621 540 674 alios
577 624 838 691 tangunt3
878 622 1023 690 quod
1058 623 1308 676 inimicus
1346 641 1418 692 es,
1452 623 1596 691 quod
1631 624 1724 676 1116
1761 625 1841 676 in-

230 691 490 759 spoliatus
526 692 781 744 inuentus
819 696 925 745 est:
972 710 1086 746 non
1121 696 1202 745 est
1239 711 1399 762 quare
1439 711 1710 762 accusem,
1760 698 1840 747 est

145 768 211 816 12
230 779 394 830 quare
432 761 699 829 sullspicer.
773 761 970 815 RVFVS
1006 762 1216 816 VIBIVS
1253 764 1356 816 hoc
1393 782 1491 832 pro
1530 764 1708 816 colore
1746 782 1840 832 po·

230 832 364 884 suit:
412 831 714 885 sordidatus
772 851 915 901 sum,
963 834 1151 903 luge03
1208 851 1402 902 sequor
1451 837 1504 886 te
1555 837 1617 886 ut
1671 835 1840 887 tutior

229 902 358 970 sim3
407 903 572 955 timeo
619 902 800 956 nescio
849 921 1008 972 quem
1065 904 1219 956 illum
1267 905 1360 973 qui
1406 908 1614 972 patrem
1658 922 1836 957 meum
1862 925 1904 975 1⁰.

231 971 450 1041 occidit3
508 973 618 1026 scio
667 991 753 1025 me
801 973 1056 1042 quamdiu
1104 978 1282 1027 tecum
1326 974 1480 1027 fuero
1518 974 1690 1043 perire
1727 992 1840 1028 non

226 1060 399 1109 posse.
472 1042 618 1095 Dum
675 1043 820 1096 hunc
876 1044 1111 1097 colorem
1166 1045 1408 1113 sequitur
1468 1044 1838 1113 MVRREDIVS,

228 1113 561 1181 ineptissime
619 1113 777 1165 dixit:
837 1131 1000 1182 quare
1055 1118 1109 1167 te
1170 1115 1404 1183 sequor?
1459 1118 1611 1183 pater
1670 1133 1837 1183 1116113,

229 1183 357 1251 quia
410 1183 555 1235 solus
610 1184 1002 1252 inambulabat,
1058 1185 1263 1238 occisus
1316 1188 1411 1238 est.
1497 1184 1636 1238 OSCI
1690 1186 1840 1238 color

226 1270 343 1305 non
378 1253 628 1321 placebat
664 1253 926 1306 Gallioni:
967 1272 1187 1323 sequor,
1224 1255 1428 1323 inquit,
1466 1258 1528 1307 ut
1562 1255 1838 1308 inueniam
1862 1271 1904 1305 15

229 1323 348 1392 quis
394 1323 610 1392 fecerit3
667 1323 774 1376 hoc
818 1342 1029 1377 mecum
1076 1325 1282 1394 cogito:
1331 1325 1572 1393 quisquis
1619 1328 1702 1379 est
1745 1326 1838 1378 ille

226 1394 322 1461 qui
371 1393 527 1461 fecit,
575 1394 725 1446 uolet
770 1394 873 1447 hoc
919 1395 1140 1448 inimico
1187 1395 1477 1464 imputare,
1513 1394 1579 1448 ad
1617 1395 1838 1448 diuitem

227 1463 427 1519 ueniet.
491 1463 683 1532 Multo,
722 1465 915 1533 inquit,
955 1465 1059 1518 hoc
1096 1465 1407 1518 iniuriosius
1446 1468 1541 1534 est,
1580 1465 1626 1518 si
1662 1465 1838 1534 inqui-

226 1533 381 1586 rendi
420 1552 579 1587 causa
613 1534 775 1603 facit,
812 1538 857 1588 si
894 1554 1008 1588 non
1055 1539 1268 1589 tantum
1305 1536 1363 1588 in
1410 1535 1710 1588 conuitium
1757 1541 1837 1589 set

226 1604 525 1672 periculum
564 1603 745 1658 diuitis
783 1606 1040 1674 sequitur.
1105 1606 1333 1660 GALLIO
1373 1606 1641 1658 subtiliter
1677 1622 1837 1675 agen·
1859 1623 1902 1657 20
1932 1648 1933 1654 ,

226 1674 355 1726 dum
400 1674 617 1743 putauit
663 1678 718 1728 et
762 1675 829 1728 ad
874 1676 1198 1744 positionem
1245 1676 1643 1730 controuersiae
1696 1677 1838 1730 colo-

226 1762 342 1797 rem
389 1745 616 1798 actionis
655 1745 1029 1826 derigendum,
1078 1750 1139 1799 ut
1176 1746 1399 1800 diceret:
1438 1747 1678 1815 suspicor
1715 1765 1747 1800 a
1783 1749 1836 1800 te

225 1818 433 1884 patrem
470 1833 649 1868 meum
676 1834 926 1870 occlsum.
979 1817 1097 1886 quis
1133 1818 1277 1870 enim
1312 1817 1467 1869 illum
1504 1817 1640 1869 alius
1665 1818 1837 1887 magis

226 1885 454 1938 oderat?
517 1886 636 1955 quis
691 1891 803 1940 tam
856 1890 1049 1956 potens
1105 1887 1240 1940 alius
1294 1887 1411 1941 est‘?
1467 1890 1671 1940 uestem
1722 1888 1836 1940 sine

227 1955 389 2009 dubio
428 1956 566 2008 alius
603 1958 784 2011 nescio
813 1959 931 2026 quis
967 1976 1249 2027 percussor
1273 1958 1631 2026 concupierat.
1679 1956 1837 2011 Dicet
1858 1972 1902 2006 25

227 2026 451 2095 aliquis:
502 2027 630 2096 quid
669 2028 839 2098 ergo?
885 2029 930 2080 si
967 2029 1216 2082 inimicus
1255 2032 1351 2098 est,
1388 2028 1637 2097 protinus
1673 2027 1835 2080 inter·

143 2105 207 2153 13
224 2096 397 2150 fector
443 2097 559 2150 est?
617 2116 756 2166 non3
806 2098 926 2151 ideo
973 2117 1087 2152 non
1134 2117 1340 2152 accuso.
1415 2097 1601 2151 HISPO
1638 2096 1835 2150 ROMA-

224 2181 359 2221 NIVS
406 2168 585 2236 palam
622 2169 894 2222 accusauit
931 2172 985 2222 et
1021 2169 1156 2222 dixit
1201 2187 1314 2222 non
1351 2186 1563 2220 causam
1610 2167 1712 2219 sibi
1749 2167 1835 2219 de-

224 2255 362 2306 esse,
402 2237 494 2290 sed
539 2239 705 2308 uires3
755 2242 808 2291 et
852 2239 993 2292 hanc
1040 2239 1363 2292 sententiam
1408 2238 1467 2290 in
1514 2236 1832 2306 prohoemio

340 2381 361 2419 1
394 2380 442 2419 in
471 2379 694 2420 inuidiam
723 2381 760 2419 A
800 2378 815 2432 ΙΙ
843 2382 872 2420 4
903 2393 991 2433 qua
1020 2381 1054 2420 B
1096 2378 1112 2434 ΙΙ
1143 2379 1384 2422 obsoluere
1417 2381 1447 2419 0
1469 2379 1485 2433 ΙΙ
1526 2381 1552 2421 5
1584 2380 1737 2420 adhuc
1769 2379 1836 2420 le·
1917 2369 1920 2414 ἕ

224 2435 303 2475 uia
333 2434 439 2488 9118
470 2435 706 2488 supplicer
737 2438 799 2475 'ra
820 2434 835 2489 ss
859 2449 940 2489 pro
971 2449 1048 2478 om.
1081 2439 1114 2476 T
1137 2435 1152 2490 ΙΙ
1180 2436 1304 2476 hunc
1337 2436 1535 2477 colorem
1568 2436 1835 2489 praeposuit
1902 2472 1904 2474 ,

224 2491 384 2532 Schult.
414 2489 430 2544 ΙΙ
471 2493 497 2532 9
528 2491 791 2532 sordidatus
823 2497 892 2546 est
924 2495 956 2532 T
999 2491 1015 2546 ΙΙ
1058 2494 1110 2533 12
1141 2492 1291 2534 colore
1323 2494 1351 2532 C
1394 2490 1410 2545 ΙΙ
1453 2494 1505 2533 14
1534 2494 1593 2548 no
1627 2492 1837 2533 ambulat
1907 2519 1909 2521 ·

223 2549 286 2587 Ta
307 2545 322 2601 ΙΙ
351 2548 487 2589 Rosci
517 2548 548 2586 0
570 2545 585 2600 Η
617 2549 668 2589 15
699 2547 930 2590 Gallionis
961 2551 1064 2589 cra
1085 2546 1100 2602 ΙΙ
1125 2561 1296 2602 aequor
1326 2550 1355 2588 G
1376 2546 1392 2602 ss
1425 2549 1476 2589 16
1507 2561 1655 2590 meum
1684 2549 1722 2588 A
1743 2544 1759 2600 ΙΙ
1783 2549 1836 2589 18

221 2603 341 2644 116161,
372 2606 435 2644 Ta
470 2601 486 2657 ΙΙ
512 2605 562 2645 19
594 2607 640 2644 et
670 2606 770 2644 GTa
804 2602 819 2657 ΙΙ
860 2606 915 2646 23
945 2605 1231 2659 dirigendum
1260 2605 1340 2645 AT
1362 2603 1378 2658 ΙΙ
1418 2607 1473 2646 23
1503 2604 1634 2645 illum
1655 2617 1735 2647 om.
1757 2606 1790 2643 T
1821 2600 1835 2655 ΙΙ
1898 2639 1909 2662 ⁴2*

222 2661 280 2700 24
311 2660 390 2713 qui
419 2661 632 2712 inpotens
655 2661 698 2711 0,
731 2674 846 2702 corr.
857 2660 987 2702 Burs.
1009 2659 1025 2714 ΙΙ
1047 2674 1097 2702 63
1119 2662 1164 2713 0,
1189 2661 1304 2702 adeo
1326 2674 1376 2702 63
1396 2662 1506 2712 ng
1526 2658 1541 2713 ΙΙ
1564 2662 1618 2701 25
1649 2660 1772 2700 1111113
1803 2660 1834 2698 0
1902 2697 1907 2703 .

222 2715 345 2758 alius
377 2714 423 2756 O.
456 2717 568 2757 lalzn
597 2714 612 2768 ΙΙ
642 2715 663 2737 *
686 2717 995 2769 concupiebat
1025 2720 1053 2757 G
1094 2717 1454 2770 concupiscebat
1485 2720 1516 2757 T
1547 2715 1562 2770 [Ι
1591 2717 1661 2758 26.
1685 2718 1738 2757 27
1769 2716 1835 2755 in·
1887 2742 1906 2766 .;

223 2772 521 2813 terfectorem
553 2785 644 2813 non
675 2775 737 2813 Ta
766 2771 781 2826 ΙΙ
810 2775 862 2815 27
896 2774 1125 2815 Romanus
1156 2776 1189 2813 T
1210 2770 1226 2826 ΙΙ
1267 2775 1337 2815 28.
1360 2775 1414 2814 29
1447 2774 1488 2814 si
1520 2785 1622 2814 esse
1654 2775 1717 2812 Ta.
1747 2771 1835 2812 sibi

224 2841 329 2869 esse
361 2830 461 2868 ΟΤΙ)
502 2826 518 2882 ΙΙ
558 2830 613 2869 29
643 2830 766 2870 uires
798 2833 870 2870 set
901 2832 929 2869 G
970 2831 1071 2870 iure
1103 2834 1149 2871 et
1179 2833 1234 2877 T,
1265 2843 1379 2870 corr.
1411 2828 1540 2871 Burs.
1580 2827 1597 2880 ΙΙ
1637 2828 1722 2882 hec
1753 2829 1791 2867 A
1819 2824 1832 2879 Η
1891 2874 1900 2885 ,

225 2885 368 2937 probo
401 2885 519 2926 emio
552 2887 579 2925 C
611 2884 736 2938 p'mio
767 2888 830 2926 Ta
