1936 3100
1665 27 1672 35 ι

1645 28 1730 67 ‘aaa'
1752 35 1793 57 5¹„

0 0 49 263 f
135 158 179 200 p.
194 146 279 188 24⁶
292 141 351 190 Β.
481 141 1091 190 conrnovnnsnnvn
1117 145 1240 191 ms.
1270 142 1398 192 vm.
1501 158 1505 168 =
1648 143 1755 200 395

0 267 5 315 P
135 270 264 339 quia
298 269 507 324 habuit.
580 269 776 340 dignus
823 273 940 324 erat
975 269 1173 324 Callias
1208 270 1344 324 tales
1388 271 1586 326 habere
1625 290 1753 342 qua-

0 338 5 343 '
133 340 212 393 les
258 340 499 394 redemit.
574 339 731 402 Quod
777 341 822 394 si
869 359 956 394 me
1001 341 1060 394 in
1107 341 1249 394 hanc
1303 345 1613 410 stuprorum
1658 361 1753 412 pa-

133 410 382 464 tientiam
436 410 735 479 redemisti,
782 411 1127 466 matrimonio
1174 429 1442 465 carcerem
1487 413 1749 481 praefero,

133 480 410 534 honestius
454 482 596 550 patri
654 482 851 552 alligor
901 501 1062 551 quam
1109 481 1350 536 adultero
1397 482 1595 536 soluor.
1671 482 1750 537 Vt

0 547 6 616 ξ
87 566 111 599 5
133 550 316 604 audiui
362 570 476 604 esse
514 552 608 620 qui
654 552 940 620 pecuniam
986 556 1319 623 numeraret,
1366 553 1593 607 miratus
1631 571 1751 606 sum

131 621 296 674 fuisse
343 622 402 674 in
449 622 667 674 ciuitate
720 626 907 675 nostra
957 641 1280 692 quemquam
1327 624 1420 693 qui
1467 622 1749 678 Cimonem

130 690 388 744 redimere
425 710 586 761 quam
613 691 896 746 Miltiaden
934 694 1226 747 maluisset.
1284 694 1406 765 Ego
1443 712 1513 747 ne
1536 697 1748 764 patrem

168 761 347 814 uidem
403 780 609 830 meum,
656 763 763 815 nisi
808 764 1071 817 innocens
1126 765 1342 834 fuisset,
1389 764 1749 819 redemissem.

180 845 379 886 LANDI.
421 831 635 886 Obiciat
658 834 785 886 licet
810 835 1043 902 uincula,
1081 854 1379 904 numquam
1414 839 1598 889 tamen
1637 834 1750 889 effi-
1777 845 1808 893 7

65 921 108 952 ιο
129 902 236 955 ciet
270 907 332 956 ut
367 921 482 956 non
517 905 690 974 magis
717 922 923 957 carcere
961 906 1162 975 glorier
1188 924 1345 974 quam
1382 906 1746 960 matrimonio.

128 972 346 1026 Diuersi
383 978 511 1026 sunt
547 974 830 1027 hominum
869 974 1138 1028 adfectus:
1175 979 1238 1028 tu
1274 976 1519 1044 fortasse,
1560 975 1747 1045 Callia,

125 1044 343 1096 uincula
396 1062 511 1096 non
565 1048 720 1112 potes
774 1045 939 1113 ferre,
996 1062 1096 1115 ego
1155 1045 1453 1098 adulteram
1507 1064 1746 1100 uxorem.

124 1112 404 1183 Effugient
451 1131 580 1184 ergo
619 1114 846 1167 adulteri
894 1118 1170 1184 tamquam
1218 1116 1467 1186 alligatas
1505 1115 1747 1170 Cimonis

124 1183 356 1238 manus?
427 1186 797 1238 ARGENTARI.
849 1184 1207 1255 Redemptum
1242 1205 1328 1239 me
1366 1187 1614 1256 protinus
1653 1206 1746 1257 ap-

63 1272 106 1304 15
127 1254 327 1323 pellare
385 1256 563 1324 coepit
613 1255 678 1308 de
731 1256 874 1309 filiae
935 1257 1156 1326 nuptiis.
1232 1255 1451 1326 Statim,
1506 1258 1746 1327 inquam,

128 1324 325 1378 Callias
363 1326 637 1394 experitur
673 1345 743 1378 an
780 1331 966 1396 gratus
1005 1328 1129 1380 sim:
1170 1329 1204 1393 †
1241 1327 1407 1381 habes
1444 1329 1503 1381 in
1543 1328 1748 1382 Gallias

124 1395 239 1447 sine
278 1395 518 1449 Cimone.
594 1396 701 1450 Pro
748 1415 860 1450 uno
906 1402 1089 1468 rogat,
1136 1397 1270 1451 duos
1308 1399 1484 1467 eripit.
1558 1398 1748 1452 FVLVI

124 1464 350 1519 SPARSI.
390 1465 493 1520 Dic
531 1485 703 1519 nunc:
745 1471 875 1538 ‘ego
900 1471 954 1520 te
993 1468 1191 1521 carceri
1218 1470 1438 1538 exemi',
1478 1469 1607 1522 dum
1643 1486 1744 1539 ego

121 1537 474 1606 respondeam
528 1543 657 1607 ‘ego
716 1556 800 1591 me
862 1540 1061 1591 carceri
1117 1539 1360 1592 tradidi'.
1434 1539 1582 1593 Num
1622 1558 1747 1593 uam

57 1625 100 1658 ιο
122 1606 264 1659 effici
299 1608 499 1676 poterit
535 1611 595 1660 ut
641 1608 832 1661 melius
871 1612 1050 1662 actum
1095 1613 1285 1678 putem
1323 1609 1468 1679 quod
1505 1629 1538 1663 a
1620 1610 1747 1663 allia

122 1676 428 1747 redemptus
475 1696 595 1731 sum
634 1696 795 1747 quam
843 1681 985 1748 quod
1033 1699 1131 1749 pro
1181 1680 1424 1733 Miltiade
1473 1681 1742 1751 alligatus,

120 1746 261 1801 Filia
306 1753 401 1801 tua
448 1748 671 1802 abstulit
716 1750 818 1802 tibi
866 1767 1125 1820 generum
1165 1750 1461 1804 Cimonem.
1536 1751 1745 1806 Ductus

122 1822 204 1872 est
238 1829 393 1887 pater
429 1837 578 1872 meus
615 1820 675 1872 in
711 1838 978 1874 carcerem
1016 1822 1326 1875 etiamnunc
1366 1822 1595 1890 captiuis
1633 1821 1744 1875 suis

122 1889 359 1957 plenum.
434 1889 563 1942 IVNI
604 1889 949 1945 GALLIONIS.
1000 1890 1348 1961 Beneficium,
1388 1892 1590 1963 inquit,
1641 1892 1744 1946 tibi
1771 1896 1803 1944 8

56 1977 100 2010 25
123 1958 244 2012 dedi
291 1959 436 2029 quod
491 1960 659 2013 filiam
707 1961 807 2014 tibi
860 1962 1137 2015 collocaui.
1212 1962 1373 2017 Nunc
1423 1981 1550 2016 uere
1621 1961 1743 2016 Mil-

120 2029 288 2098 tiade,
336 2030 641 2100 grauiorem
689 2031 963 2085 fortunam
1001 2051 1210 2086 carcere
1248 2034 1505 2087 sustines:
1545 2005 1743 2088 Callias

118 2105 296 2153 tecum
343 2102 738 2155 communicare
787 2102 1039 2173 dignatus
1088 2107 1182 2157 est.
1258 2104 1378 2175 Ego
1417 2122 1502 2158 me
1540 2105 1743 2158 redem-

120 2174 273 2240 ptum
310 2172 592 2241 putabam3
632 2172 773 2225 filiae
812 2174 966 2227 istius
1004 2178 1214 2243 emptus
1253 2193 1387 2228 sum.
1464 2173 1743 2229 Steterunt

123 2244 247 2294 ante
274 2242 458 2295 oculos
484 2261 631 2296 meos
658 2244 921 2297 maiorum
961 2245 1223 2316 imagines
1250 2246 1579 2315 emissusque
1617 2245 1740 2299 sede

238 2386 257 2424 1
292 2383 447 2437 Digm‘i
480 2387 583 2425 ΩΤ..
631 2385 648 2438 ΙΙ
690 2386 858 2441 gallias
890 2388 921 2427 0
961 2394 1001 2429 et
1033 2389 1129 2430 hinc
1155 2390 1253 2441 sere
1282 2402 1453 2443 semper
1487 2390 1523 2431 G
1551 2402 1633 2443 pro
1665 2391 1694 2429 0
1726 2388 1740 2442 Η

127 2441 322 2482 haberet
352 2442 412 2481 '1⁸⁸
452 2439 468 2493 ΙΙ
508 2443 534 2482 2
567 2443 795 2484 redimisti
825 2445 853 2483 c
895 2442 910 2497 ΙΙ
941 2448 966 2486 3
996 2445 1218 2487 Praefers
1248 2447 1281 2487 B
1322 2444 1338 2499 ΙΙ
1368 2448 1394 2487 6
1425 2446 1519 2487 fuis
1549 2446 1583 2486 B
1624 2443 1640 2500 ΙΙ
1664 2446 1743 2499 qui

124 2512 202 2538 om.
234 2497 267 2537 Β
296 2495 313 2549 Ι
342 2499 368 2539 8
399 2496 508 2550 quid
540 2503 614 2539 est
643 2511 791 2540 meum
823 2501 852 2540 0
882 2513 1030 2541 meum
1062 2505 1094 2543 Τ
1117 2501 1132 2556 ΙΙ
1164 2502 1435 2545 redemisset
1465 2502 1498 2542 B
1528 2499 1544 2556 ΙΙ
1574 2504 1600 2545 9
1631 2502 1744 2546 Obi-

128 2558 234 2594 0031
265 2552 335 2606 01
359 2554 411 2594 10
440 2553 614 2606 glorior
643 2554 756 2608 ΒΤΙΙ
789 2556 837 2596 11
872 2557 1069 2600 omnium
1102 2558 1133 2598 0
1154 2556 1170 2612 ΙΙ
1200 2558 1375 2601 Callias
1407 2562 1439 2599 Τ
1461 2557 1477 2613 ΙΙ
1502 2560 1553 2600 12
1586 2562 1741 2613 potest

126 2611 156 2650 c
184 2609 201 2662 Ι
240 2610 291 2650 16
324 2608 495 2663 gallian
528 2610 649 2651 B'l'V
677 2609 694 2664 ΙΙ
733 2614 782 2653 17
817 2612 1042 2655 cimonem
1072 2615 1106 2655 Β
1151 2615 1297 2657 habes
1329 2628 1385 2658 en
1419 2614 1604 2657 Callian
1637 2616 1737 2658 sine

125 2667 312 2708 Cimone
353 2666 524 2715 Senon,
606 2672 754 2708 ratum
795 2667 960 2711 habest
993 2671 1109 2720 sine,
1143 2671 1319 2724 Callia,
1359 2673 1460 2714 sine
1502 2670 1740 2713 Cimonem

124 2722 283 2765 Schult.
318 2722 463 2763 habes
496 2723 541 2763 in
612 2722 786 2770 31113111,
820 2725 919 2767 sine
953 2727 1000 2767 in
1022 2725 1256 2770 Cimonem
1287 2729 1341 2770 N.
1364 2729 1542 2780 Madvig)
1563 2726 1579 2781 ΙΙ
1603 2721 1742 2781 eripit

122 2778 279 2821 Fullui
309 2778 343 2818 Β
364 2778 380 2831 η
407 2782 457 2821 18
478 2778 637 2820 dicunt
666 2780 701 2820 Β
722 2779 738 2835 ΙΙ
761 2782 815 2822 20
847 2781 1019 2823 sactum
1041 2783 1302 2826 Studemund
1322 2783 1338 2838 ΙΙ
1360 2787 1412 2826 21
1447 2783 1657 2839 alligatis
1678 2785 1707 2823 0
1726 2783 1739 2837 l}

117 2837 175 2878 23
207 2839 283 2877 est
311 2850 388 2876 om.
420 2837 459 2876 Δ
486 2834 503 2888 Ι
539 2837 607 2877 24.
633 2838 686 2878 26
718 2836 880 2890 inquid
913 2837 1039 2882 dedit
1070 2838 1195 2891 (dedi
1225 2840 1303 2892 Tb)
1335 2844 1367 2881 Τ
1389 2838 1405 2894 ΙΙ
1427 2842 1481 2883 26
1513 2840 1742 2882 0011003111

122 2889 351 2934 0011003111
382 2893 448 2946 011
485 2905 594 2935 uero
625 2894 657 2933 Τ
685 2891 702 2947 fl
739 2895 793 2935 26
825 2895 1077 2938 sustinetes
1103 2898 1166 2937 ⁸1⁴⁸
1194 2893 1210 2950 ΙΙ
1232 2898 1286 2938 29
1319 2898 1580 2951 emisusque
1612 2897 1644 2935 Β
