1942 3034
172 112 382 168 236513.
526 108 853 153 EXOERPTA
883 107 1188 155 CONTROV.
1219 109 1338 152 LIB.
1370 106 1457 151 111.
1690 105 1795 158 247

171 237 308 291 illud
353 238 588 308 optineri
623 255 736 291 non
773 237 978 306 potest,
1027 239 1088 289 ut
1135 234 1299 287 uelim
1347 235 1468 288 aliis
1506 252 1668 304 quam
1717 233 1795 286 fa·

172 308 550 363 miliarissimis
586 307 942 361 audientibus„
1004 304 1079 359 Et
1114 305 1193 358 ita
1227 304 1476 359 faciebat.
1534 304 1793 358 declama-

172 380 350 432 tiones
386 379 500 432 eius
537 379 659 432 inae
698 378 845 431 uales
884 379 1052 445 erant,
1090 374 1183 430 sed
1208 392 1272 429 ea
1308 393 1444 446 quae
1482 375 1795 428 eminebant

172 449 231 502 in
278 467 612 519 quacumque
695 447 1048 502 eclamatione
1095 446 1391 517 posuisses,
1453 445 1795 515 inaequalem

129 542 151 575 ⁵
174 537 292 573 eam
346 519 614 572 fecissent.
690 517 994 587 conpositio
1051 535 1241 587 aspera
1296 521 1350 571 et
1404 534 1540 587 quae
1596 516 1796 569 uitaret

171 590 628 659 conpositionem,
691 588 991 641 sententiae
1047 589 1221 641 uiuae.
1296 588 1549 657 Iniquom
1608 590 1795 640 tamen

171 660 274 712 erit
321 677 386 712 ex
435 659 520 712 his
575 677 698 712 eum
755 659 1027 712 aestimari
1073 675 1208 728 quae
1254 659 1437 712 statim
1483 657 1793 712 subtexam:

171 747 285 783 non
341 729 485 783 enim
540 729 672 783 haec
728 729 819 783 ille
878 729 1080 799 optime
1136 729 1298 799 dixit,
1354 729 1447 783 sed
1507 729 1640 782 haec
1692 746 1792 799 ego

173 800 375 869 optime
413 803 589 854 teneo.

110 1017 151 1049 ιο
568 981 1270 1052 <CONTROVERSIA
1319 983 1399 1052 Ι.)

341 1096 728 1141 LVXVRIOSVS
760 1098 799 1138 A
831 1097 1174 1141 SODALIBVS
1205 1097 1620 1145 EXCAECATVS.

171 1207 373 1263 Caecus
419 1208 484 1262 de
531 1208 747 1278 publico
798 1208 946 1261 mille
983 1207 1231 1262 denarios
1268 1209 1512 1279 accipiat.
1588 1209 1789 1265 Decem

314 1278 679 1333 adulescentes
706 1296 828 1332 cum
854 1280 999 1332 bona
1024 1279 1396 1348 comedissent,
1428 1280 1606 1334 sortiti
1644 1285 1790 1350 sunt,

315 1354 376 1403 ut
431 1350 581 1403 cuius
642 1367 843 1403 nomen
901 1350 1096 1403 exisset
1161 1367 1226 1403 ex
1274 1354 1433 1419 pacto
1486 1368 1792 1406 excaecare-

108 1449 149 1483 1⁵
314 1425 403 1474 tur
440 1425 494 1473 et
539 1420 615 1473 ita
651 1420 917 1490 acciperet
963 1420 1109 1473 mille
1159 1421 1422 1475 denarios
1498 1422 1630 1475 exiit
1676 1441 1790 1476 sors

314 1491 614 1559 cuiusdam;
654 1495 968 1545 excaecatus
1007 1494 1102 1544 est.
1166 1492 1302 1560 petit
1339 1491 1486 1545 mille
1525 1492 1789 1547 denarios.

314 1565 598 1632 negantur.

276 1658 350 1713 Hi
396 1665 524 1714 sunt
568 1660 708 1714 oculi
747 1678 881 1730 quos
927 1661 1208 1730 timuistiS,
1256 1661 1452 1714 mariti.
1529 1660 1574 1715 Ο
1613 1661 1790 1734 legem

170 1731 216 1785 si
264 1734 511 1785 excaecat
571 1731 817 1785 homines
864 1731 1256 1802 abrogandam!
1333 1731 1483 1785 Mille
1541 1732 1790 1787 denarios

108 1824 151 1858 so
172 1801 309 1855 nulli
355 1802 654 1882 respublica
701 1801 792 1855 dat
845 1802 950 1855 nisi
999 1802 1092 1871 qui
1148 1802 1353 1856 inuitus
1401 1803 1610 1872 accipit.
1687 1803 1790 1858 Dic

172 1889 340 1926 nunc:
381 1890 657 1940 miserere3
706 1873 809 1926 hoc
858 1889 979 1926 cum
1033 1874 1390 1926 excaecareris
1439 1891 1553 1927 non
1589 1873 1788 1929 dixisti.

173 1941 496 2012 Respublica
531 1942 861 1996 debilitatem
900 1943 1235 2013 consolatur,
1273 1962 1387 1998 non
1424 1945 1569 1998 emit.
1648 1944 1788 2000 Con-

170 2014 360 2067 sumtis
406 2013 748 2083 patrimoniis
795 2014 1035 2067 membra
1080 2014 1382 2068 conferunt.
1458 2014 1659 2070 Vtilius
1713 2020 1793 2070 est

171 2083 499 2154 reipublicae
537 2102 704 2137 unum
741 2102 957 2138 caecum
996 2084 1182 2154 repelli
1219 2103 1381 2155 quam
1419 2103 1617 2140 nouem
1655 2087 1789 2141 fieri.

0 2147 2 2215 ζ
107 2174 150 2208 2⁵
172 2153 298 2208 Non
336 2154 485 2208 solus
522 2172 554 2208 a
580 2155 733 2208 uobis
770 2155 908 2224 petit
932 2155 1204 2223 alimenta,
1231 2155 1323 2209 sed
1361 2156 1580 2225 primus.
1631 2157 1791 2211 Alam

172 2225 265 2295 qui
304 2229 527 2295 propter
550 2224 881 2279 debilitatem
920 2226 1098 2295 alitur,
1135 2244 1247 2280 non
1274 2226 1414 2280 alam
1440 2227 1538 2296 qui
1570 2232 1792 2298 propter

174 2294 431 2349 alimenta
467 2294 790 2350 debilitatur.
867 2295 955 2351 Sic
993 2298 1078 2366 fit,
1118 2297 1209 2350 ubi
1247 2297 1494 2351 homines
1533 2299 1791 2353 maiorem

180 2371 386 2434 [mrtem
422 2365 565 2419 uitae
602 2366 659 2420 in
696 2367 932 2421 tenebris
970 2372 1156 2439 agunt,
1195 2371 1256 2421 ut
1292 2368 1584 2422 nouissime
1622 2370 1790 2424 solem

174 2435 325 2505 quasi
362 2453 749 2505 superuacuum
787 2437 1082 2492 fastidiant.

108 2531 151 2562 ω
281 2505 410 2558 Pars
449 2505 630 2560 altera.
680 2506 794 2561 Illis
832 2527 1028 2564 nouem
1067 2508 1204 2562 nihil
1243 2509 1463 2563 daturus
1503 2515 1609 2563 est:
1650 2511 1788 2564 nulli

286 2708 313 2748 3
343 2705 424 2747 sed
458 2717 604 2759 neque
638 2707 905 2750 eminebant
934 2710 979 2749 Ι
1007 2708 1024 2763 ΙΙ
1060 2711 1087 2751 6
1118 2710 1309 2763 in··quo
1340 2711 1385 2750 Ι
1413 2708 1430 2763 ΙΙ
1466 2711 1491 2752 7
1525 2711 1788 2752 existimari

173 2803 256 2857 ΙΙ
285 2805 402 2848 satis
431 2804 513 2856 ΙΙΙ
545 2806 594 2847 13
626 2774 945 2849 adgleneeute·
975 2806 1056 2861 1st
1090 2807 1140 2849 15
1173 2812 1218 2850 et
1248 2822 1326 2851 om.
1358 2806 1441 2862 ΙΙΙ
1477 2810 1526 2851 19
1558 2809 1786 2864 abrogan-

173 2858 277 2903 dum
307 2861 492 2915 12124
526 2862 644 2916 resp.
679 2863 723 2902 Ι
