1936 3100
21 147 27 207 ξ
78 170 99 183 s
187 158 232 203 Ρ.
250 149 403 191 3123.
514 146 1126 191 CONTROVERSIARVM
1155 148 1275 192 LIB.
1298 150 1356 193 X.
1377 151 1404 192 3
1425 149 1533 204 (32).
1696 148 1805 204 485
1887 113 1900 122 ⁸

186 276 381 352 agunt-3
429 289 558 325 nam
602 271 832 324 feminas
880 290 949 325 ne
994 271 1041 325 si
1086 271 1392 353 irascereris
1430 262 1647 343 quidem
1684 293 1806 344 pro-

185 342 501 411 scripsisses,
576 346 592 371 ‘
608 340 784 404 Quare
832 345 1016 397 secuta
1059 346 1141 396 est
1198 343 1378 396 uirum
1396 343 1452 396 ²?
1514 344 1646 398 adeo
1702 347 1805 401 tibi

184 419 367 466 uetera
413 417 656 482 exempla
701 412 1012 467 exciderunt
1068 415 1332 467 bonarum
1380 415 1540 467 coniu
1620 435 1698 484 m,
1746 418 1805 471 in

184 487 394 552 (quae)
442 483 611 536 filiam
659 486 810 536 tuam
858 483 1068 537 solebas
1114 502 1276 538 sanus
1321 485 1529 539 hortari
1623 459 1806 557 aliqua

139 568 160 600 ⁵
191 553 439 623 spiritum
476 553 581 606 uiri
618 553 846 607 redemit
882 572 998 623 suo,
1036 555 1216 625 aliqua
1240 573 1296 608 se
1334 573 1495 636 super
1521 556 1539 625 ΙΙ
1566 557 1804 637 ardentis

186 641 380 694 rogum
417 624 581 677 misit.
656 624 990 693 inpendisset
1025 643 1083 678 se
1131 626 1313 695 puella
1349 626 1494 696 uirO,
1541 627 1648 679 nisi
1694 645 1803 682 ser-
1837 661 1845 665 ν

186 698 364 748 uasset
410 694 569 763 patri.
642 693 828 748 FVLVI
868 694 1093 750 SPARSI.
1150 695 1290 749 Filia
1336 700 1462 750 ante
1509 697 1675 751 limen
1711 717 1803 768 pa·
1831 717 1862 765 3

185 769 401 818 ternum
438 765 497 818 in
534 782 723 819 cruore
762 783 858 819 suo
897 766 1190 820 uolutatur.
1240 767 1369 836 quid
1406 767 1802 823 exhorruistis?

31 874 37 890 2
188 841 416 904 paterna
451 835 749 890 satisfactio
776 841 870 891 est.
923 841 1094 891 nostis
1119 837 1309 890 domus
1346 842 1564 892 nostrae
1600 839 1802 911 legem.

32 907 35 924 ³
120 921 162 952 10
188 911 283 959 aut
338 906 664 959 uincendum
719 907 854 959 mihi
910 911 1006 960 aut
1059 908 1398 961 moriendum
1445 912 1540 962 est.
1609 909 1805 972 Qualis

188 981 269 1029 est
315 977 419 1030 ista
467 978 765 1030 satisfactio
813 995 919 1045 qua
965 978 1078 1031 filia
1125 983 1405 1031 exoratum
1451 979 1554 1032 sibi
1595 983 1804 1049 patrem
1888 1006 1905 1017 ο

187 1064 299 1100 ιιοιι
357 1047 561 1101 sentit?
635 1048 862 1100 ALBVCI
910 1046 1049 1101 ΒΗΛ.
1113 1048 1282 1102 Vtrae
1324 1049 1579 1102 meliores
1663 1054 1807 1104 artes

36 1135 54 1173 'f
186 1121 387 1189 essent,
442 1117 543 1171 soli
592 1117 915 1171 uidebantur
965 1117 1200 1172 iudicare
1240 1119 1293 1171 di
1330 1137 1504 1188 posse.
1648 1122 1669 1173 i
1719 1122 1805 1175 uis

39 1192 44 1196 ’
186 1158 494 1241 satisfacere
553 1188 713 1255 mihi,
767 1194 1014 1243 morere.
1101 1188 1257 1252 Quod
1309 1190 1377 1243 ad
1431 1209 1516 1244 me
1579 1191 1803 1261 adtinet,

120 1273 161 1306 15
184 1259 415 1312 irascare
461 1259 620 1312 malo.
697 1257 755 1312 Si
791 1260 1138 1328 parricidium
1175 1262 1388 1331 (esset)
1423 1260 1591 1315 fuisse
1630 1262 1688 1315 in
1726 1262 1805 1315 di·

185 1330 354 1383 uersis
399 1330 670 1410 partibus,
716 1347 1012 1399 numquam
1062 1331 1388 1384 defendisset
1434 1336 1566 1401 aput
1612 1331 1805 1387 Caesa·

37 1299 57 1485 ³}
185 1418 298 1453 rem
346 1398 625 1482 Ligarium
673 1400 877 1455 Cicero.
952 1401 1026 1454 M.
1066 1401 1235 1471 Tulli,
1288 1420 1449 1471 quam
1498 1403 1615 1456 leue
1666 1403 1801 1457 iudi-

40 1488 62 1536 3·
188 1472 319 1524 casti
358 1489 561 1525 crimen
599 1472 664 1524 de
701 1489 809 1540 quo
848 1471 1125 1526 confessus
1164 1474 1247 1525 es!
1323 1472 1484 1526 Dona
1521 1473 1712 1543 filiam,
1752 1475 1799 1528 si

187 1542 490 1595 misericors
529 1560 601 1611 es,
641 1542 964 1612 deprecanti,
1003 1543 1048 1596 si
1086 1543 1280 1613 hostiS,
1321 1544 1510 1613 edict0,
1549 1545 1594 1596 si
1631 1548 1798 1614 pater,

0 1610 2 1658 Ϊ
32 1608 70 2075 ἰ
114 1627 158 1659 ²0
180 1616 430 1682 naturae,
466 1613 512 1666 si
550 1612 734 1682 iudex,
772 1630 987 1683 causae,
1026 1614 1071 1667 si
1108 1615 1277 1668 iratus
1316 1632 1401 1684 εει,
1439 1614 1612 1668 fratri.
1688 1615 1801 1669 Bv-
1827 1619 1863 1666 4

50 2087 69 2176 i

52 2181 66 2209 ἱ

51 2225 68 2269 6

53 2354 64 2382 C

51 2385 66 2465 i

51 2482 64 2540 6

52 2534 69 2584 ἰ

55 2632 70 2759 3

180 1696 410 1737 Tssoms.
471 1685 616 1737 Ante
654 1685 829 1753 ipsum
869 1685 1035 1738 limen
1073 1685 1262 1738 domus
1301 1685 1549 1754 decessit,
1598 1704 1667 1739 ne
1706 1686 1799 1739 du-

179 1754 337 1807 bitari
383 1758 567 1824 posset
612 1758 794 1808 utrum
840 1756 1036 1809 marito
1084 1756 1312 1825 perisset
1355 1774 1425 1809 an
1472 1757 1629 1837 patri.
1704 1756 1799 1810 ubi

179 1824 321 1877 istud
367 1773 592 1878 upidisti‘?
651 1826 743 1878 ubi
792 1826 1030 1879 audisti?
1074 1843 1217 1897 nego
1260 1830 1314 1880 te
1362 1827 1500 1879 istuc
1548 1827 1606 1879 in
1653 1828 1797 1881 bello

180 1894 443 1949 didicisse.
494 1894 791 1950 MARVLLI.
833 1896 1140 1977 ‘Meruerat,
1168 1898 1347 1967 inquit
1388 1898 1565 1951 mori’.
1615 1899 1817 1951 etiam-

114 1977 157 2011 25
178 1982 324 2019 nunc
377 1965 637 2019 accusas?
692 1970 835 2020 certe
883 1968 989 2021 iam
1037 1939 1140 2022 tibi
1197 1939 1565 2022 satisfactum
1579 1972 1674 2023 est
1751 1969 1798 2022 Ο

177 2054 382 2090 nouum
420 2038 746 2090 monstrum!
787 2039 925 2091 irato
964 2038 1170 2092 uictore
1208 2039 1503 2092 uiuendum
1541 2043 1636 2108 est,
1675 2057 1800 2093 exo-

176 2116 296 2161 rato
343 2111 496 2176 patre
543 2107 882 2162 moriendum
933 2112 1029 2162 est.
1104 2108 1399 2163 PASSIENI.
1457 2109 1682 2163 Vtinam
1719 2111 1799 2163 in·

178 2178 558 2247 teruenissem,
596 2196 708 2232 non
747 2178 1097 2232 satisfecisses
1136 2180 1251 2233 sola
1289 2180 1445 2248 patri.
1510 2179 1799 2233 Furiosum

178 2252 231 2300 te
281 2247 536 2316 dicerem,
586 2250 630 2302 si
679 2267 777 2319 pro
826 2266 1025 2320 genero
1073 2268 1185 2302 non
1236 2267 1495 2320 rogasses
1572 2249 1797 2304 Secutus

111 2331 154 2361 3⁴)
178 2322 259 2370 est
296 2334 463 2388 gener
488 2318 725 2373 diuersas
763 2324 957 2389 parteS,
997 2338 1133 2374 uxor
1170 2320 1798 2375 suaS.LA1311·3N1.Hoc
1825 2323 1855 2371 5
1918 2344 1923 2353 ·

289 2504 315 2544 2
348 2510 509 2547 secuta
540 2515 590 2546 es
621 2503 667 2554 0,
697 2516 811 2546 corr.
834 2504 965 2548 Burs.
986 2504 1050 2558 114
1084 2518 1206 2559 quae
1237 2508 1342 2549 add.
1367 2506 1518 2558 Burs„
1552 2507 1800 2562 coniugum

178 2559 342 2613 quibus
371 2561 405 2602 ¹1·
433 2559 450 2612 1
485 2562 511 2602 9
542 2532 763 2613 pateinss
793 2562 823 2601 c
855 2560 871 2614 ῃ
907 2519 1233 2605 satisfactione
1267 2563 1303 2603 Δ
1334 2561 1350 2616 ΙΙ
1390 2565 1442 2606 10
1473 2537 1718 2606 dicendum
1750 2564 1797 2616 0,

175 2629 290 2657 corr.
325 2616 456 2658 Burs.
508 2614 526 2669 ΙΙ
580 2616 630 2658 12
660 2614 829 2658 Albuci
859 2617 960 2659 sibi
990 2618 1027 2659 A
1063 2616 1079 2672 ΙΙ
1122 2621 1173 2661 16
1202 2618 1407 2662 irascere
1439 2621 1469 2660 0
1515 2624 1562 2661 et
1593 2620 1799 2662 irascere

176 2673 209 2712 ⁴1·
230 2671 247 2723 Ι
270 2672 570 2725 parricidium
602 2670 769 2715 fuisset
800 2673 848 2714 iu
880 2673 935 2725 0,
967 2686 1083 2720 corr.
1114 2674 1273 2717 Schult.
1297 2673 1314 2729 ΙΙ
1339 2677 1391 2717 16
1423 2681 1472 2718 et
1503 2675 1622 2730 apud
1652 2678 1684 2716 Τ
1705 2675 1722 2729 11
1748 2678 1798 2718 17

176 2728 378 2770 iudicsst
406 2727 480 2781 Αη
515 2729 566 2770 18
599 2732 670 2769 est
699 2729 818 2779 Οτι,
849 2742 964 2771 corr.
1000 2730 1108 2771 1:11>
1136 2729 1152 2784 ΙΙ
1186 2732 1237 2773 19
1270 2731 1588 2787 deprecationi
1624 2732 1751 2773 Gron
1783 2729 1798 2786 ΙΙ

292 2785 384 2826 atri
413 2785 480 2826 Aa
500 2784 518 2838 ΙΙ
539 2786 608 2827 22.
625 2786 680 2826 28
710 2785 842 2826 uerba
874 2796 934 2827 an
999 2786 1088 2827 atri
1118 2816 1128 2828 .
1147 2791 1263 2830 ..te
1296 2788 1415 2830 istuc
1448 2788 1511 2830 bis
1540 2786 1690 2842 Δ1123
1722 2788 1802 2829 ubi

223 2841 397 2882 unisti
428 2842 482 2892 c,
515 2854 631 2883 corr.
662 2841 875 2891 Petreius,
906 2842 963 2884 Se
991 2846 1065 2887 ult.
1087 2840 1250 2895 ssistud
1282 2846 1329 2885 in
1362 2843 1509 2898 ’11124
1538 2843 1713 2885 Marini
1733 2846 1767 2885 Τ
1787 2842 1803 2897 Ιῑ

175 2844 252 2938 27ιι
263 2909 533 2951 papsennae
566 2897 598 2936 0
