1936 3100
231 146 338 199 498
754 144 983 186 ANNAEI
1013 144 1289 187 SENECAE
1633 159 1675 200 p.
1692 147 1775 187 323
1789 146 1843 190 Β.

235 270 511 339 proiciunt
556 269 728 338 magis
766 287 926 338 quam
975 271 1277 337 exponunt3
1326 269 1492 338 aliqui
1531 271 1690 323 etiam
1728 288 1846 322 uer-

235 340 391 393 nulas
430 343 523 392 aut
561 340 740 392 omine
778 340 1014 392 infausto
1053 338 1224 392 editos
1263 343 1356 392 aut
1392 357 1615 409 corpore
1653 340 1844 392 inuali-

237 410 331 463 dos
386 410 641 463 abiciunt.
718 427 781 462 ex
836 409 922 462 his
978 409 1187 478 aliquos
1241 410 1331 463 hic
1385 411 1601 463 sustulit
1648 414 1701 463 et
1757 428 1844 462 eas

236 483 415 549 partes
463 498 598 550 quae
647 480 732 532 cui
778 483 999 548 possent
1043 480 1458 534 miserabiliores
1496 498 1632 550 esse,
1681 498 1845 533 manu

238 569 333 604 sua
381 551 627 603 abstulit:
677 550 870 619 stipem
916 553 1113 620 rogant
1159 555 1214 603 et
1267 552 1426 604 unius
1481 550 1846 604 misericordia
1867 571 1891 603 5

236 621 446 689 uiuunt,
487 620 727 673 omnium
754 621 988 674 aluntur.
1039 623 1115 674 At
1154 639 1238 673 res
1274 621 1434 674 foeda
1460 625 1539 674 est
1572 621 1845 674 mendicos

234 692 456 759 habere,
495 709 527 744 a
563 691 821 743 mendicis
859 691 955 758 ali,
1003 691 1146 744 inter
1183 691 1381 744 debiles
1418 693 1635 745 uersari.
1709 693 1845 761 Age,

234 780 346 815 non
384 760 550 830 pudet
589 779 687 814 uos
725 779 789 814 ex
826 761 930 814 hoc
974 762 1267 830 producere
1305 763 1658 814 contubernio
1696 779 1847 813 reum

235 834 338 900 (a)
361 849 466 900 quo
495 831 684 885 dicatis
708 832 908 884 laesam
933 831 1358 900 rempublicam?
1397 835 1450 884 et
1475 832 1550 885 sic
1576 831 1849 885 descendit

236 903 302 954 ad
340 905 684 972 argumenta,
731 905 793 954 ut
830 901 1055 955 diceret:
1095 902 1364 971 quomodo
1401 902 1490 955 hic
1527 903 1707 971 potuit
1742 901 1848 954 lae·
1873 922 1914 954 10

153 979 218 1027 17
237 971 400 1025 dere?
472 970 609 1026 SILO
649 972 953 1025 POMPEIVS
991 972 1085 1025 illo
1124 973 1303 1026 colore
1340 991 1466 1025 usus
1505 976 1608 1026 est:
1645 972 1847 1025 miseri-

237 1042 449 1095 cordem
497 1043 642 1095 hunc
679 1042 868 1111 fuisse,
918 1043 1154 1095 uoluisse
1199 1043 1371 1095 uitam
1409 1043 1557 1112 dare,
1607 1043 1699 1096 sed
1734 1060 1849 1095 non

233 1113 473 1182 potuisse
520 1112 689 1181 alere3
739 1113 920 1181 itaque
959 1130 1020 1165 eo
1069 1113 1420 1181 conpulsum,
1469 1117 1530 1166 ut
1565 1113 1849 1182 unusquis-

237 1201 340 1252 que
388 1183 623 1251 aliquam
670 1186 879 1251 partem
917 1184 1155 1251 corporis
1204 1201 1302 1252 pro
1339 1187 1457 1237 toto
1506 1183 1845 1253 dependeret.

234 1253 537 1305 LABIENVS
592 1256 702 1305 tam
751 1253 945 1306 diserte
984 1254 1304 1306 declamauit
1348 1257 1555 1322 partem
1603 1254 1715 1307 eius
1755 1253 1847 1322 qui
1870 1271 1916 1306 15

236 1323 553 1375 debilitabat
599 1323 871 1391 expositos
888 1364 902 1391 ,
950 1341 1110 1392 quam
1157 1341 1317 1376 nemo
1356 1324 1579 1376 alteram
1624 1327 1849 1393 partem,

235 1412 356 1446 cum
405 1393 554 1446 illam
604 1411 790 1446 omnes
828 1393 1163 1446 disertissimi
1200 1394 1305 1446 uiri
1355 1394 1505 1447 uelut
1541 1393 1608 1447 ad
1647 1395 1850 1463 experi—

234 1466 479 1517 mentum
525 1481 742 1516 suarum
789 1464 986 1516 uirium
1034 1463 1284 1517 dixerint.
1359 1464 1520 1516 Illum
1558 1467 1737 1517 autem
1773 1465 1851 1517 lo-

237 1552 359 1587 cum
420 1533 889 1587 uehementissime
952 1534 1109 1587 dixit:
1173 1535 1413 1602 <mirum
1474 1538 1599 1604 est>
1659 1551 1848 1587 uacare

234 1604 482 1657 homines
518 1605 645 1657 huic
671 1605 1005 1674 cogitationi,
1043 1608 1106 1658 ut
1131 1608 1320 1658 curent
1346 1605 1474 1674 quid
1503 1606 1666 1658 homo
1704 1623 1850 1658 men·
1872 1624 1914 1657 20

236 1674 384 1727 dicus
434 1675 576 1741 inter
612 1675 886 1728 mendicos
923 1675 1104 1728 faciat.
1167 1676 1464 1744 principeS,
1502 1676 1706 1744 inquit,
1744 1675 1851 1727 uiri
1935 1723 1936 1726 ,

238 1748 427 1798 contra
479 1748 728 1798 naturam
785 1745 1001 1798 diuitias
1049 1764 1170 1798 suas
1226 1749 1500 1799 exercent:
1551 1747 1850 1798 excisorum

237 1832 430 1885 greges
477 1815 704 1883 habent,
753 1816 991 1869 exoletos
1038 1834 1163 1870 suos
1210 1820 1272 1870 ut
1308 1817 1374 1870 ad
1420 1817 1723 1887 longiorem
1759 1834 1849 1885 pa-

236 1886 485 1938 tientiam
523 1886 871 1955 inpudicitiae
908 1886 1091 1940 idonei
1129 1887 1252 1955 sint,
1291 1890 1573 1956 amputant
1598 1890 1652 1940 et
1678 1887 1695 1956 ΙΙ
1724 1887 1851 1955 quia
1932 1887 1933 1917 ³

237 1956 383 2024 ipsos
420 1956 586 2025 pudet
622 1957 769 2010 uiros
801 1974 932 2025 esse,
970 1957 1024 2009 id
1051 1977 1082 2010 a
1122 1961 1222 2011 unt
1258 1961 1320 2010 ut
1344 1975 1504 2026 quam
1541 1957 1850 2027 paucissimi
1871 1971 1936 2024 255

240 2026 364 2080 sint.
438 2027 522 2079 his
565 2045 726 2080 nemo
777 2028 1041 2080 succurrit
1124 2028 1328 2081 elicatis
1368 2031 1421 2081 et
1465 2028 1716 2081 formosis
1765 2027 1850 2080 de·
1928 2026 1936 2084 ,ἶ

152 2102 219 2150 18
237 2096 452 2150 bilibus.
529 2097 729 2151 Curare
783 2098 939 2151 uobis
999 2099 1057 2150 in
1111 2102 1346 2152 mentem
1403 2099 1555 2151 uenit
1610 2098 1728 2166 quis
1785 2115 1852 2149 ex
1927 2121 1929 2150 ,³

239 2167 566 2233 <solitudine
591 2168 829 2221 infantes
855 2168 1063 2221 auferat
1087 2170 1356 2236 perituros
1380 2169 1485 2220 nisi
1511 2168 1846 2236 auferantur3

1923 2240 1927 2327 f

353 2325 390 2362 1.
414 2325 439 2363 2
470 2323 665 2364 uernula
697 2327 776 2364 aut
805 2323 1013 2365 homines
1044 2326 1145 2364 c'ra
1185 2323 1201 2377 ss
1237 2326 1262 2365 2
1294 2323 1498 2365 inualido
1531 2327 1592 2364 Ta.
1620 2323 1635 2377 ΙΙ
1670 2325 1698 2365 4
1730 2337 1849 2378 quae

238 2379 357 2430 cuiq3
381 2381 413 2418 T
435 2377 450 2431 ΙΙ
472 2379 824 2421 miserebiliores
854 2381 891 2419 A
912 2377 928 2433 ΙΙ
949 2381 1027 2424 4.5
1057 2393 1219 2420 manus
1251 2380 1444 2421 abstulit
1477 2382 1522 2432 0,
1555 2394 1668 2425 corr.
1687 2382 1849 2431 Haase,

236 2434 369 2476 Burs.
393 2433 409 2488 ΙΙ
431 2436 456 2475 6
487 2435 717 2476 maluntur
736 2433 802 2488 011
825 2437 849 2477 7
880 2433 1070 2490 habere]
1095 2436 1221 2478 alere
1243 2438 1303 2477 Tb
1324 2434 1341 2490 ΙΙ
1365 2450 1393 2478 3
1414 2436 1648 2478 mendacis
1679 2437 1848 2478 habere

239 2504 266 2530 a
287 2491 523 2532 mendacis
547 2491 611 2532 ali
631 2493 669 2531 Δ
700 2505 728 2532 a
750 2492 986 2533 mendacis
1010 2492 1091 2533 alii
1121 2493 1154 2532 Β
1175 2491 1191 2546 ΙΙ
1214 2495 1240 2534 9
1271 2506 1299 2533 3
1330 2507 1407 2536 om.
1423 2493 1454 2532 0
1476 2491 1491 2546 ΙΙ
1515 2493 1631 2546 quod
1661 2493 1695 2532 B
1716 2491 1732 2546 ΙΙ
1754 2506 1850 2534 rem

237 2548 265 2586 c
287 2544 303 2598 ΙΙ
327 2548 379 2588 13
400 2547 534 2588 unius
557 2547 748 2600 quisque
765 2548 794 2587 0
815 2546 831 2601 ΙΙ
855 2549 986 2592 14.15
1007 2548 1280 2603 dependere.
1302 2549 1519 2591 Labienii
1536 2551 1564 2588 G
1585 2548 1601 2603 ss
1625 2550 1677 2590 15
1698 2549 1848 2591 decla—

232 2603 380 2643 mabit
400 2605 428 2642 0
449 2600 465 2656 ΙΙ
489 2616 578 2656 qua
600 2606 632 2643 T
655 2601 670 2656 ΙΙ
695 2605 746 2644 17
778 2604 861 2645 1113
892 2606 920 2644 G
942 2603 957 2658 ΙΙ
978 2605 1055 2646 uel
1077 2607 1144 2646 ait
1166 2605 1223 2646 ad
1245 2607 1273 2646 G
1304 2606 1380 2647 uel
1402 2605 1461 2646 ad
1481 2607 1527 2657 T,
1557 2619 1672 2647 corr.
1684 2606 1814 2647 Burs.
1836 2604 1850 2658 ΙΙ

228 2660 292 2700 18
323 2672 540 2700 sanarum
571 2661 600 2699 C
627 2657 646 2713 ΙΙ
674 2660 777 2701 uirfi
808 2661 931 2702 uirifi
961 2662 998 2701 A
1020 2660 1035 2714 ΙΙ
1068 2664 1119 2703 19
1150 2662 1310 2702 mirum
1343 2666 1414 2703 est
1443 2663 1542 2704 add.
1573 2662 1607 2701 E
1629 2659 1645 2714 ΙΙ
1667 2659 1722 2703 20
1752 2675 1849 2702 cur-
1905 2677 1911 2680 ⁴

235 2718 340 2756 rent
369 2715 402 2754 Β
424 2713 440 2768 ΙΙ
462 2717 515 2756 22
547 2719 712 2757 natura
735 2717 763 2755 C
784 2714 800 2769 ΙΙ
822 2718 1101 2759 castratoru'i
1126 2719 1154 2757 G
1186 2722 1489 2759 castratorum
1511 2720 1557 2768 T,
1593 2719 1850 2758 excisorum
1906 2759 1909 2762 ,

154 2783 156 2786 ·
236 2772 272 2811 E
294 2768 309 2823 ΙΙ
331 2773 386 2819 23
419 2776 499 2812 aut
529 2772 588 2812 ad
619 2774 647 2812 G
668 2770 684 2824 ΙΙ
706 2774 831 2825 patia
859 2774 896 2812 A
917 2772 933 2826 ΙΙ
954 2775 1009 2815 24
1038 2773 1345 2827 inpudicitiae
1377 2775 1459 2816 del.
1480 2774 1535 2814 N.
1559 2774 1698 2815 Faber
1720 2772 1736 2827 ΙΙ
1758 2786 1850 2814 am-

235 2831 372 2880 putat
403 2829 432 2867 0
452 2825 468 2880 ΙΙ
497 2830 552 2870 25
582 2831 759 2882 augunt
789 2831 817 2868 C
845 2827 861 2882 Η
898 2831 1034 2883 pauci
1065 2831 1155 2870 uiri
1186 2831 1221 2869 E
1251 2827 1266 2883 ΙΙ
1303 2831 1356 2870 27
1390 2842 1549 2871 curaro
1582 2831 1610 2869 c
1648 2828 1712 2869 Osi
1746 2842 1848 2870 raro

237 2886 291 2935 T,
322 2897 437 2927 corr.
469 2883 597 2926 Burs.
622 2882 637 2937 ΙΙ
660 2886 714 2927 28
744 2886 877 2928 uerba
907 2885 1152 2928 solitudine
1279 2885 1396 2939 quod
1427 2887 1526 2928 add.
1558 2886 1594 2924 E
