1942 3034
137 105 279 160 p.164
292 103 347 149 Β.
455 78 1062 150 commovi-:amauvis
1091 107 1212 154 Lm.
1231 107 1293 151 11.
1324 110 1352 151 5
1373 109 1480 163 (13).
1651 108 1757 162 213

136 230 318 282 ficium
354 247 387 282 a
423 248 531 299 (1110
570 233 845 301 tamquam
882 231 1069 301 inique
1106 231 1337 286 dimissa.
1387 231 1532 286 Hinc
1570 252 1756 288 omnes

136 299 477 368 quaestiones
525 301 592 354 ad
637 302 977 355 sterilitatem
1023 305 1079 356 et
1125 303 1554 356 aestima-tionem
1602 306 1756 373 quin-

134 371 339 439 quenni
384 371 706 440 pertinentis
754 373 920 425 libere
968 373 1248 443 tractauit,
1296 373 1488 427 deinde
1538 377 1756 430 transiit

135 441 192 493 in
230 441 430 511 ingrati
468 443 885 496 accusationem.
1812 493 1817 499 .

88 533 110 566 5
240 511 487 565 CESTIVS
509 513 880 582 (simplicem)
898 532 996 582 pro
1018 514 1135 567 uiro
1161 513 1462 568 introduxit
1484 515 1747 569 colorem:
1773 523 1834 572 18

133 599 241 650 quo
279 586 520 651 tempore
559 602 696 636 uxor
731 587 876 636 torta
913 588 994 637 est
1029 585 1168 637 nihil
1198 585 1371 639 adhuc
1409 585 1472 638 de
1509 587 1750 656 tyranni-

132 651 270 705 cidio
291 653 623 723 cogitabam3
663 658 852 723 postea
888 655 1126 725 cogitaui
1153 659 1207 709 et
1232 656 1363 709 haec
1402 656 1522 726 ipsa
1545 657 1751 728 (mihi)

130 740 291 775 causa.
326 723 600 794 cogitandi
636 724 740 777 fuit
766 726 947 778 uxoris
988 726 1141 779 ultio.
1207 725 1507 796 Vtrumque
1533 732 1750 782 secutus

131 797 228 861 est,
250 797 311 846 ut
335 794 429 847 illa
452 795 647 848 marito
676 795 951 848 silentium
977 797 1242 864 imputare
1267 816 1381 850 non
1406 802 1603 868 posset,
1625 801 1751 870 <01>

66 886 108 919 ιο
131 868 192 916 111
215 865 439 918 maritus
466 866 730 935 imputare
757 867 838 918 illi
863 867 1283 935 tyrannicidium
1307 872 1505 936 posset.
1544 868 1750 922 LATRO

130 933 266 986 dixit
318 953 374 988 se
428 936 535 989 iam
591 940 719 990 tunc
772 937 837 989 de
892 937 1252 1005 tyrannicidio
1311 956 1374 992 co
1416 939 1602 1007 itasse‚
1659 940 1752 992 sed

128 1005 283 1057 uxori
319 1023 433 1059 non
458 1006 738 1060 indicasse.
790 1006 1089 1061 FABIANVS
1128 956 1486 1078 philosopffius
1513 1010 1752 1064 colorem

128 1075 300 1145 magis
347 1078 493 1131 bono
532 1079 650 1131 uiro
699 1079 1114 1131 conuenientem
1152 1079 1478 1148 introduxit,
1517 1082 1751 1150 <quam>

126 1147 326 1199 oratori
373 1147 583 1202 callido.
644 1148 797 1201 Dixit
834 1150 978 1202 enim
1015 1153 1070 1202 et
1104 1150 1369 1220 cogitasse
1406 1152 1535 1220 <se>
1570 1156 1751 1221 tyran-

62 1238 104 1271 15
126 1216 385 1270 nicidium
422 1223 477 1272 et
513 1220 668 1273 uxori
707 1220 969 1274 indicasse
1008 1224 1062 1273 et
1099 1221 1248 1273 illam
1272 1225 1391 1274 tum
1429 1221 1646 1291 quidem
1675 1223 1751 1275 fe-

127 1288 266 1340 cisse
303 1288 448 1358 quod
498 1291 723 1358 probam
770 1290 1027 1344 feminam
1073 1291 1249 1344 facere
1288 1293 1556 1362 oportuit,
1603 1312 1749 1347 nunc

125 1375 347 1481 fficcare
405 1360 549 1429 quod
605 1365 759 1430 putet
815 1362 1136 1415 beneficium
1185 1380 1298 1415 esse
1355 1366 1497 1416 recte
1554 1363 1746 1418 facere.

186 1429 229 1481 ’0
267 1430 418 1483 00101·
454 1431 535 1483 1111
572 1436 626 1485 et
664 1433 721 1485 in
759 1433 853 1485 illa
891 1436 1041 1502 parte
1078 1433 1305 1502 profuit:
1346 1434 1391 1486 si
1428 1434 1749 1488 beneficium

126 1503 285 1568 putas
323 1505 376 1554 te
413 1500 619 1555 dedisse
657 1503 802 1572 quod
839 1503 1259 1572 tyrannicidium
1298 1523 1410 1557 non
1446 1505 1747 1575 prodidisti,

58 1586 224 1640 soego
264 1571 412 1639 prior
449 1572 568 1624 dedi
607 1574 700 1642 qui
745 1574 846 1627 tibi
884 1573 1304 1643 tyrannicidium
1355 1575 1571 1630 credidi.
1646 1575 1749 1628 Re-

122 1640 345 1710 pudium
383 1643 418 1707 ἦ·
457 1661 522 1695 ex
558 1647 653 1696 tuo
693 1646 887 1714 quoius
926 1645 1218 1698 liberorum
1266 1646 1586 1716 cupiditate,
1636 1665 1744 1716 quo

122 1728 333 1780 semper
358 1713 436 1765 uti
461 1717 738 1783 tamquam
776 1716 1001 1769 maritus
1030 1716 1312 1784 debuisset,
1351 1720 1540 1786 postea
1571 1719 1745 1788 magis

121 1784 395 1851 tamquam
434 1786 785 1852 tyrannicida.
860 1786 920 1839 L.
962 1786 1258 1855 VINICIVS,
1305 1786 1504 1841 VINICI
1556 1788 1739 1858 frater,
1766 1808 1825 1856 19

122 1850 348 1905 Fabiani
398 1854 633 1908 colorem
683 1856 837 1910 ualde
887 1858 1150 1926 probabat
1198 1861 1252 1910 et
1304 1858 1484 1911 aiebat
1534 1861 1747 1914 onerari

110 2109 116 2118 ¹
267 2069 285 2106 1
321 2065 395 2107 hic
425 2071 549 2123 uolqo
589 2068 606 2122 ss
647 2071 673 2110 2
705 2071 975 2123 questiones
1007 2071 1156 2113 transi
1188 2071 1248 2112 ad
1281 2071 1600 2115 duodecimum
1635 2087 1746 2129 qua-

121 2122 377 2164 ternionem
424 2127 478 2173 T,
517 2127 559 2166 in
599 2141 681 2181 quo
719 2142 759 2170 u.
790 2129 814 2167 2
847 2127 905 2168 ad
931 2160 941 2169 .
965 2158 973 2168 .
993 2158 1002 2169 .
1032 2130 1081 2167 16
1115 2128 1284 2170 fecisse
1318 2142 1395 2170 om.
1428 2132 1490 2170 Ta
1520 2132 1620 2172 add.
1649 2133 1711 2172 'rb

120 2178 425 2221 sterelitatem
447 2182 485 2221 Δ
505 2179 521 2235 ΙΙ
543 2185 569 2224 3
602 2184 890 2225 continentes
922 2185 1031 2224 ‘I'bv
1051 2184 1067 2238 ΙΙ
1089 2186 1114 2225 4
1147 2186 1194 2225 in
1218 2199 1295 2226 om.
1313 2187 1341 2225 C
1363 2183 1379 2238 ΙΙ
1402 2188 1630 2229 actionem
1649 2190 1710 2229 'rb

121 2235 414 2289 bsimplicem
432 2238 620 2295 addidit!
643 2253 723 2293 pro
746 2241 844 2281 iure
868 2242 929 2281 ‘rb
951 2239 967 2294 u
989 2243 1014 2281 6
1039 2255 1091 2283 co
1114 2245 1315 2295 tempore
1346 2244 1374 2282 0
1394 2239 1411 2295 ss
1435 2247 1559 2284 torta
1589 2258 1664 2286 om.
1682 2245 1715 2284 B

120 2292 147 2332 8
168 2293 408 2345 cogitante
431 2294 517 2345 (·t‹‘:
546 2297 626 2349 rb)
648 2301 696 2338 et
721 2296 838 2338 haec
862 2298 1006 2351 ipsam
1030 2311 1219 2339 causam
1252 2299 1346 2352 (ipa
1369 2301 1420 2341 65
1442 2299 1520 2352 Tb)
1544 2301 1598 2350 0,
1623 2314 1738 2343 corr.

121 2346 157 2386 Β
178 2345 195 2398 Ι
218 2348 333 2390 uitio
350 2350 380 2389 0
399 2348 417 2402 ss
439 2355 718 2394 exsecutus?
779 2356 805 2394 9
827 2353 953 2395 illam
977 2356 1005 2394 0
1026 2353 1042 2407 ΙΙ
1066 2355 1361 2396 insolentiam
1383 2357 1428 2408 0,
1447 2370 1562 2398 corr.
1579 2357 1708 2401 Gron.
1730 2370 1742 2410 ῐῑ

121 2403 369 2456 imputaret
399 2407 428 2445 c
449 2405 467 2460 Ι
489 2412 537 2448 et
565 2410 717 2450 addidi
779 2412 831 2452 10
860 2412 931 2451 ita
962 2411 1153 2453 maritus
1185 2413 1245 2452 ‘rb
1268 2410 1284 2466 ΙΙ
1317 2413 1566 2466 imputaret
1597 2415 1625 2453 C
1647 2412 1663 2468 ΙΙ
1690 2417 1738 2455 ll

120 2459 160 2500 si
193 2460 280 2500 iam
314 2461 343 2501 0
374 2462 439 2502 ita
470 2464 555 2513 rb,
585 2478 700 2508 cor-r.
737 2466 865 2508 Burs.
932 2469 981 2508 12
1014 2473 1065 2509 ut
1097 2469 1228 2509 uxori
1260 2470 1320 2509 'rb
1342 2467 1359 2522 ΙΙ
1380 2470 1660 2512 indicassem
1693 2471 1739 2521 0,

118 2529 233 2560 corr.
269 2516 439 2571 Bura!
472 2522 521 2561 13
552 2533 688 2572 quam
719 2536 797 2563 om.
829 2523 861 2563 0
938 2525 989 2565 14
1020 2527 1200 2566 oratore
1230 2523 1294 2578 (re
1316 2525 1398 2579 Tb)
1430 2527 1482 2577 0,
1519 2530 1740 2569 moratori

118 2571 278 2614 Schule.
303 2573 320 2627 Ι
356 2581 402 2615 et
433 2589 511 2616 om.
543 2576 643 2630 ἴδη
672 2591 720 2619 se
750 2580 853 2620 add.
888 2580 1015 2622 Burs.
1043 2580 1060 2635 ΙΙ
1095 2583 1144 2623 15
1176 2595 1288 2624 uxor
1319 2585 1347 2622 c
1368 2582 1384 2637 ΙΙ
1416 2587 1524 2625 tunc
1555 2585 1616 2624 'rb
1646 2581 1663 2637 ΙΙ
1689 2586 1740 2625 18

118 2630 347 2683 profuisse
387 2632 426 2672 si
460 2631 511 2681 0,
549 2646 664 2675 cor-r.
699 2633 827 2676 Burs.
866 2634 883 2689 ΙΙ
925 2639 976 2679 19
1009 2642 1165 2691 putate
1197 2641 1260 2678 Ta
1299 2637 1315 2692 ΙΙ
1358 2640 1544 2681 dedisse
1586 2645 1633 2682 et
1665 2641 1695 2680 0
1727 2639 1741 2694 Η

118 2685 308 2752 prodisti
340 2687 374 2727 B
395 2687 411 2739 ΙΙ
434 2692 500 2729 20.
523 2691 571 2729 21
610 2690 847 2744 repudium
871 2695 1113 2736 excusauit
1147 2695 1278 2741 Gran,
1313 2709 1344 2736 r.
1368 2708 1468 2738 esse
1502 2701 1734 2751 tamquam

117 2754 189 2783 Ius
221 2743 372 2785 Haase
407 2743 424 2796 11
453 2747 505 2786 21
539 2747 846 2799 cupiditatem
878 2748 910 2788 0
945 2748 962 2803 ΙΙ
1002 2763 1115 2804 quos
1147 2753 1175 2791 G
1210 2749 1227 2805 ΙΙ
1269 2755 1322 2793 22
1356 2765 1526 2807 cupere
1560 2754 1689 2794 Burs.
1724 2752 1736 2805 'l

117 2802 212 2839 tam
247 2811 349 2841 uam
382 2802 481 2843 cius
514 2801 559 2849 0.
590 2817 704 2844 corr.
740 2802 789 2844 0.
810 2803 943 2852 talen,-
973 2819 1029 2847 an
1062 2811 1094 2848 t.
1118 2809 1265 2851 ciuis?
1287 2807 1303 2862 ΙΙ
1334 2811 1387 2851 ‘23
1421 2810 1735 2863 tyrannicidiet

118 2853 184 2907 01
250 2855 341 2897 inci
377 2858 497 2899 fuir-r
528 2858 564 2898 Δ
597 2860 754 2901 Vinici
786 2859 909 2902 ficem
942 2862 976 2902 B
