<?xml version="1.0" encoding="UTF-8"?>
<!DOCTYPE html PUBLIC "-//W3C//DTD XHTML 1.0 Transitional//EN"
    "http://www.w3.org/TR/xhtml1/DTD/xhtml1-transitional.dtd">
<html xmlns="http://www.w3.org/1999/xhtml" xml:lang="en" lang="en">
 <head>
  <title>
</title>
<meta http-equiv="Content-Type" content="text/html;charset=utf-8" />
  <meta name='ocr-system' content='tesseract 3.04.00' />
  <meta name='ocr-capabilities' content='ocr_page ocr_carea ocr_par ocr_line ocrx_word'/>
</head>
<body>
  <div class='ocr_page' id='page_1' title='image "./oratorumetrhetor00seneuoft/oratorumetrhetor00seneuoft_0020.png"; bbox 0 0 1898 3054; ppageno 0'>
   <div class='ocr_carea' id='block_1_1' title="bbox 150 99 262 138">
    <p class='ocr_par' dir='ltr' id='par_1_1' title="bbox 150 99 262 138">
     <span class='ocr_line' id='line_1_1' title="bbox 150 99 262 138; baseline -0.018 0"><span class='ocrx_word' id='word_1_1' title='bbox 150 99 262 138; x_wconf 89' lang='lat' dir='ltr'>XVI</span> 
     </span>
    </p>
   </div>
   <div class='ocr_carea' id='block_1_2' title="bbox 150 211 1770 1106">
    <p class='ocr_par' dir='ltr' id='par_1_2' title="bbox 150 211 1770 1106">
     <span class='ocr_line' id='line_1_2' title="bbox 151 211 1764 267; baseline 0.001 -14"><span class='ocrx_word' id='word_1_2' title='bbox 151 216 179 253; x_wconf 84' lang='lat' dir='ltr'><strong>c</strong></span> <span class='ocrx_word' id='word_1_3' title='bbox 223 227 265 267; x_wconf 88' lang='lat' dir='ltr'>p.</span> <span class='ocrx_word' id='word_1_4' title='bbox 310 214 408 265; x_wconf 69' lang='lat'>183,</span> <span class='ocrx_word' id='word_1_5' title='bbox 453 214 503 254; x_wconf 88' lang='lat'>15</span> <span class='ocrx_word' id='word_1_6' title='bbox 542 215 567 253; x_wconf 83' lang='lat' dir='ltr'>l.</span> <span class='ocrx_word' id='word_1_7' title='bbox 616 217 717 255; x_wconf 81' lang='lat' dir='ltr'>tuos</span> <span class='ocrx_word' id='word_1_8' title='bbox 762 211 790 254; x_wconf 77' lang='grc' dir='ltr'>ιῖ</span> <span class='ocrx_word' id='word_1_9' title='bbox 832 214 989 266; x_wconf 82' lang='lat' dir='ltr'>ignoro</span> <span class='ocrx_word' id='word_1_10' title='bbox 1038 226 1223 255; x_wconf 89' lang='lat' dir='ltr'>numero</span> <span class='ocrx_word' id='word_1_11' title='bbox 1277 215 1347 253; x_wconf 80' lang='lat' dir='ltr'>Ba.</span> <span class='ocrx_word' id='word_1_12' title='bbox 1392 227 1433 267; x_wconf 86' lang='lat' dir='ltr'>p.</span> <span class='ocrx_word' id='word_1_13' title='bbox 1483 215 1563 256; x_wconf 88' lang='grc'>186</span> <span class='ocrx_word' id='word_1_14' title='bbox 1626 216 1653 255; x_wconf 86' lang='lat' dir='ltr'>I.</span> <span class='ocrx_word' id='word_1_15' title='bbox 1709 216 1764 255; x_wconf 87' lang='grc'>24</span> 
     </span>
     <span class='ocr_line' id='line_1_3' title="bbox 150 270 1761 337; baseline 0 -13"><span class='ocrx_word' id='word_1_16' title='bbox 150 283 445 337; x_wconf 81' lang='lat' dir='ltr'>pereclitante</span> <span class='ocrx_word' id='word_1_17' title='bbox 495 285 589 322; x_wconf 69' lang='lat' dir='ltr'>cra</span> <span class='ocrx_word' id='word_1_18' title='bbox 636 296 676 336; x_wconf 84' lang='lat' dir='ltr'>p.</span> <span class='ocrx_word' id='word_1_19' title='bbox 726 285 805 325; x_wconf 85' lang='lat'>193</span> <span class='ocrx_word' id='word_1_20' title='bbox 858 286 884 328; x_wconf 84' lang='grc' dir='ltr'>ι.</span> <span class='ocrx_word' id='word_1_21' title='bbox 930 285 955 324; x_wconf 87' lang='lat'>9</span> <span class='ocrx_word' id='word_1_22' title='bbox 1000 270 1237 326; x_wconf 68' lang='grc' dir='ltr'>φᾹΡΕΙΕΔ</span> <span class='ocrx_word' id='word_1_23' title='bbox 1294 297 1380 337; x_wconf 75' lang='lat' dir='ltr'>eqs.</span> <span class='ocrx_word' id='word_1_24' title='bbox 1433 297 1474 336; x_wconf 86' lang='lat' dir='ltr'>p.</span> <span class='ocrx_word' id='word_1_25' title='bbox 1524 285 1761 335; x_wconf 74' lang='lat'>196,⁶26.‘27</span> 
     </span>
     <span class='ocr_line' id='line_1_4' title="bbox 163 352 1764 407; baseline 0.002 -14"><span class='ocrx_word' id='word_1_26' title='bbox 163 356 187 394; x_wconf 84' lang='lat' dir='ltr'>l.</span> <span class='ocrx_word' id='word_1_27' title='bbox 219 353 364 394; x_wconf 83' lang='lat' dir='ltr'>frater</span> <span class='ocrx_word' id='word_1_28' title='bbox 403 353 636 393; x_wconf 83' lang='lat' dir='ltr'>donauit</span> <span class='ocrx_word' id='word_1_29' title='bbox 674 352 779 406; x_wconf 86' lang='lat' dir='ltr'>plus</span> <span class='ocrx_word' id='word_1_30' title='bbox 812 365 944 406; x_wconf 88' lang='lat' dir='ltr'><strong>quam</strong></span> <span class='ocrx_word' id='word_1_31' title='bbox 982 367 1024 406; x_wconf 83' lang='lat' dir='ltr'>p.</span> <span class='ocrx_word' id='word_1_32' title='bbox 1047 356 1138 395; x_wconf 84' lang='lat'>-197</span> <span class='ocrx_word' id='word_1_33' title='bbox 1187 356 1281 395; x_wconf 79' lang='lat' dir='ltr'>dele</span> <span class='ocrx_word' id='word_1_34' title='bbox 1312 356 1337 394; x_wconf 88' lang='lat'><strong>3</strong></span> <span class='ocrx_word' id='word_1_35' title='bbox 1376 360 1474 394; x_wconf 81' lang='lat' dir='ltr'>ante</span> <span class='ocrx_word' id='word_1_36' title='bbox 1513 355 1688 395; x_wconf 87' lang='lat' dir='ltr'>mimice</span> <span class='ocrx_word' id='word_1_37' title='bbox 1720 368 1764 407; x_wconf 88' lang='lat' dir='ltr'>p.</span> 
     </span>
     <span class='ocr_line' id='line_1_5' title="bbox 152 423 1761 476; baseline -0.001 -12"><span class='ocrx_word' id='word_1_38' title='bbox 152 425 234 465; x_wconf 83' lang='lat'>202</span> <span class='ocrx_word' id='word_1_39' title='bbox 278 427 305 465; x_wconf 85' lang='lat' dir='ltr'>l.</span> <span class='ocrx_word' id='word_1_40' title='bbox 344 425 478 474; x_wconf 87' lang='grc' dir='ltr'>19,2Ο</span> <span class='ocrx_word' id='word_1_41' title='bbox 508 428 579 464; x_wconf 82' lang='lat' dir='ltr'>est</span> <span class='ocrx_word' id='word_1_42' title='bbox 624 427 669 463; x_wconf 81' lang='lat' dir='ltr'>et</span> <span class='ocrx_word' id='word_1_43' title='bbox 716 437 805 476; x_wconf 80' lang='lat' dir='ltr'>eqs.</span> <span class='ocrx_word' id='word_1_44' title='bbox 835 437 876 476; x_wconf 83' lang='lat' dir='ltr'>p,</span> <span class='ocrx_word' id='word_1_45' title='bbox 908 425 1072 474; x_wconf 84' lang='grc'>206,24</span> <span class='ocrx_word' id='word_1_46' title='bbox 1110 428 1137 465; x_wconf 88' lang='lat' dir='ltr'>l.</span> <span class='ocrx_word' id='word_1_47' title='bbox 1171 423 1301 464; x_wconf 85' lang='lat' dir='ltr'>modo</span> <span class='ocrx_word' id='word_1_48' title='bbox 1338 427 1447 464; x_wconf 85' lang='lat' dir='ltr'>uota</span> <span class='ocrx_word' id='word_1_49' title='bbox 1477 424 1508 462; x_wconf 86' lang='grc'><strong>0</strong></span> <span class='ocrx_word' id='word_1_50' title='bbox 1539 437 1580 476; x_wconf 89' lang='lat' dir='ltr'>p.</span> <span class='ocrx_word' id='word_1_51' title='bbox 1615 425 1696 465; x_wconf 85' lang='grc'>207</span> <span class='ocrx_word' id='word_1_52' title='bbox 1736 426 1761 463; x_wconf 89' lang='lat' dir='ltr'>I.</span> 
     </span>
     <span class='ocr_line' id='line_1_6' title="bbox 157 493 1760 547; baseline 0.002 -13"><span class='ocrx_word' id='word_1_53' title='bbox 157 495 208 535; x_wconf 78' lang='lat'>17</span> <span class='ocrx_word' id='word_1_54' title='bbox 255 497 542 547; x_wconf 78' lang='lat' dir='ltr'>expectasset</span> <span class='ocrx_word' id='word_1_55' title='bbox 573 494 603 532; x_wconf 94' lang='grc'><strong>0</strong></span> <span class='ocrx_word' id='word_1_56' title='bbox 634 507 673 546; x_wconf 84' lang='lat' dir='ltr'>p.</span> <span class='ocrx_word' id='word_1_57' title='bbox 708 495 791 534; x_wconf 87' lang='grc'>208</span> <span class='ocrx_word' id='word_1_58' title='bbox 840 496 865 533; x_wconf 88' lang='grc' dir='ltr'>Ι.</span> <span class='ocrx_word' id='word_1_59' title='bbox 900 495 950 534; x_wconf 83' lang='grc'>17</span> <span class='ocrx_word' id='word_1_60' title='bbox 990 493 1102 535; x_wconf 86' lang='lat' dir='ltr'>haec</span> <span class='ocrx_word' id='word_1_61' title='bbox 1132 495 1162 533; x_wconf 92' lang='grc'><strong>0</strong></span> <span class='ocrx_word' id='word_1_62' title='bbox 1202 507 1242 546; x_wconf 89' lang='lat' dir='ltr'>p.</span> <span class='ocrx_word' id='word_1_63' title='bbox 1283 496 1366 534; x_wconf 83' lang='grc'>214</span> <span class='ocrx_word' id='word_1_64' title='bbox 1410 497 1437 534; x_wconf 89' lang='lat' dir='ltr'>l.</span> <span class='ocrx_word' id='word_1_65' title='bbox 1473 495 1521 534; x_wconf 84' lang='lat'>19</span> <span class='ocrx_word' id='word_1_66' title='bbox 1569 494 1625 534; x_wconf 77' lang='grc' dir='ltr'>οὖ</span> <span class='ocrx_word' id='word_1_67' title='bbox 1658 494 1688 532; x_wconf 91' lang='grc'>0</span> <span class='ocrx_word' id='word_1_68' title='bbox 1719 507 1760 546; x_wconf 85' lang='lat' dir='ltr'>p.</span> 
     </span>
     <span class='ocr_line' id='line_1_7' title="bbox 152 563 1765 615; baseline 0 -11"><span class='ocrx_word' id='word_1_69' title='bbox 152 565 235 605; x_wconf 85' lang='lat'>219</span> <span class='ocrx_word' id='word_1_70' title='bbox 287 566 314 603; x_wconf 84' lang='lat' dir='ltr'>l.</span> <span class='ocrx_word' id='word_1_71' title='bbox 358 565 407 603; x_wconf 91' lang='lat' dir='ltr'>ll</span> <span class='ocrx_word' id='word_1_72' title='bbox 449 563 768 603; x_wconf 81' lang='lat' dir='ltr'>emendauerat</span> <span class='ocrx_word' id='word_1_73' title='bbox 811 565 839 602; x_wconf 82' lang='lat' dir='ltr'><strong>G</strong></span> <span class='ocrx_word' id='word_1_74' title='bbox 877 563 978 604; x_wconf 85' lang='lat' dir='ltr'><strong><em>ibid.</em></strong></span> <span class='ocrx_word' id='word_1_75' title='bbox 1011 567 1036 604; x_wconf 84' lang='lat' dir='ltr'>l.</span> <span class='ocrx_word' id='word_1_76' title='bbox 1071 565 1204 615; x_wconf 84' lang='lat'>14,15</span> <span class='ocrx_word' id='word_1_77' title='bbox 1243 563 1428 605; x_wconf 85' lang='lat' dir='ltr'>simulas</span> <span class='ocrx_word' id='word_1_78' title='bbox 1460 565 1487 603; x_wconf 82' lang='lat' dir='ltr'>C</span> <span class='ocrx_word' id='word_1_79' title='bbox 1519 576 1560 615; x_wconf 84' lang='lat' dir='ltr'>p.</span> <span class='ocrx_word' id='word_1_80' title='bbox 1592 565 1765 614; x_wconf 81' lang='grc'>221,19</span> 
     </span>
     <span class='ocr_line' id='line_1_8' title="bbox 153 632 1767 687; baseline -0.001 -13"><span class='ocrx_word' id='word_1_81' title='bbox 153 636 182 676; x_wconf 88' lang='lat' dir='ltr'>l.</span> <span class='ocrx_word' id='word_1_82' title='bbox 213 637 264 674; x_wconf 80' lang='lat' dir='ltr'>ut</span> <span class='ocrx_word' id='word_1_83' title='bbox 294 633 430 674; x_wconf 83' lang='lat' dir='ltr'>aliter</span> <span class='ocrx_word' id='word_1_84' title='bbox 471 634 596 686; x_wconf 89' lang='lat' dir='ltr'>quis</span> <span class='ocrx_word' id='word_1_85' title='bbox 638 646 772 687; x_wconf 87' lang='lat' dir='ltr'><strong>quam</strong></span> <span class='ocrx_word' id='word_1_86' title='bbox 800 644 879 686; x_wconf 87' lang='lat' dir='ltr'>per</span> <span class='ocrx_word' id='word_1_87' title='bbox 912 632 1071 674; x_wconf 79' lang='lat' dir='ltr'>Schult.</span> <span class='ocrx_word' id='word_1_88' title='bbox 1104 647 1146 686; x_wconf 88' lang='lat' dir='ltr'>p.</span> <span class='ocrx_word' id='word_1_89' title='bbox 1181 634 1264 674; x_wconf 85' lang='grc'>228</span> <span class='ocrx_word' id='word_1_90' title='bbox 1302 635 1329 675; x_wconf 89' lang='lat' dir='ltr'>I.</span> <span class='ocrx_word' id='word_1_91' title='bbox 1368 635 1502 684; x_wconf 84' lang='grc'>23,28</span> <span class='ocrx_word' id='word_1_92' title='bbox 1546 637 1641 673; x_wconf 81' lang='lat' dir='ltr'>erat</span> <span class='ocrx_word' id='word_1_93' title='bbox 1672 632 1767 673; x_wconf 78' lang='lat' dir='ltr'>illie</span> 
     </span>
     <span class='ocr_line' id='line_1_9' title="bbox 152 703 1767 757; baseline -0.001 -13"><span class='ocrx_word' id='word_1_94' title='bbox 152 708 292 757; x_wconf 81' lang='lat' dir='ltr'>atque</span> <span class='ocrx_word' id='word_1_95' title='bbox 332 705 359 743; x_wconf 80' lang='lat' dir='ltr'><strong>c</strong></span> <span class='ocrx_word' id='word_1_96' title='bbox 399 717 440 756; x_wconf 89' lang='lat' dir='ltr'>p.</span> <span class='ocrx_word' id='word_1_97' title='bbox 472 704 608 754; x_wconf 77' lang='lat'>242,5</span> <span class='ocrx_word' id='word_1_98' title='bbox 655 706 682 744; x_wconf 87' lang='lat' dir='ltr'>I.</span> <span class='ocrx_word' id='word_1_99' title='bbox 721 706 898 743; x_wconf 70' lang='lat' dir='ltr'>alter-um</span> <span class='ocrx_word' id='word_1_100' title='bbox 928 703 975 742; x_wconf 91' lang='lat' dir='ltr'>in</span> <span class='ocrx_word' id='word_1_101' title='bbox 1015 716 1058 756; x_wconf 91' lang='lat' dir='ltr'>p.</span> <span class='ocrx_word' id='word_1_102' title='bbox 1092 704 1255 754; x_wconf 87' lang='grc' dir='ltr'>242,2Ο</span> <span class='ocrx_word' id='word_1_103' title='bbox 1302 705 1329 743; x_wconf 89' lang='lat' dir='ltr'>l.</span> <span class='ocrx_word' id='word_1_104' title='bbox 1372 717 1427 744; x_wconf 85' lang='lat' dir='ltr'>an</span> <span class='ocrx_word' id='word_1_105' title='bbox 1466 703 1511 743; x_wconf 87' lang='lat' dir='ltr'>id</span> <span class='ocrx_word' id='word_1_106' title='bbox 1551 715 1602 742; x_wconf 91' lang='lat' dir='ltr'>eo</span> <span class='ocrx_word' id='word_1_107' title='bbox 1642 716 1767 743; x_wconf 87' lang='lat' dir='ltr'>num-</span> 
     </span>
     <span class='ocr_line' id='line_1_10' title="bbox 157 771 1768 827; baseline -0.002 -12"><span class='ocrx_word' id='word_1_108' title='bbox 157 787 292 827; x_wconf 83' lang='lat' dir='ltr'><strong>quam</strong></span> <span class='ocrx_word' id='word_1_109' title='bbox 322 775 343 812; x_wconf 79' lang='lat'><strong>?</strong></span> <span class='ocrx_word' id='word_1_110' title='bbox 389 787 430 825; x_wconf 89' lang='lat' dir='ltr'>p.</span> <span class='ocrx_word' id='word_1_111' title='bbox 463 775 544 814; x_wconf 85' lang='grc'>297</span> <span class='ocrx_word' id='word_1_112' title='bbox 595 775 620 813; x_wconf 89' lang='grc' dir='ltr'>Ι.</span> <span class='ocrx_word' id='word_1_113' title='bbox 662 775 713 814; x_wconf 92' lang='grc'>10</span> <span class='ocrx_word' id='word_1_114' title='bbox 755 773 794 813; x_wconf 86' lang='lat' dir='ltr'>si</span> <span class='ocrx_word' id='word_1_115' title='bbox 834 786 909 816; x_wconf 86' lang='lat' dir='ltr'>om.</span> <span class='ocrx_word' id='word_1_116' title='bbox 941 774 990 811; x_wconf 75' lang='grc' dir='ltr'>Μ·</span> <span class='ocrx_word' id='word_1_117' title='bbox 1030 786 1075 826; x_wconf 89' lang='lat' dir='ltr'>p.</span> <span class='ocrx_word' id='word_1_118' title='bbox 1117 773 1280 824; x_wconf 80' lang='lat'>297,13</span> <span class='ocrx_word' id='word_1_119' title='bbox 1326 775 1351 813; x_wconf 91' lang='lat' dir='ltr'>I.</span> <span class='ocrx_word' id='word_1_120' title='bbox 1391 772 1468 814; x_wconf 90' lang='lat' dir='ltr'><strong>illo</strong></span> <span class='ocrx_word' id='word_1_121' title='bbox 1515 773 1545 811; x_wconf 90' lang='grc'><strong>0</strong></span> <span class='ocrx_word' id='word_1_122' title='bbox 1588 771 1669 812; x_wconf 85' lang='lat' dir='ltr'>illa</span> <span class='ocrx_word' id='word_1_123' title='bbox 1715 773 1768 812; x_wconf 86' lang='lat' dir='ltr'>de</span> 
     </span>
     <span class='ocr_line' id='line_1_11' title="bbox 154 842 1767 897; baseline -0.001 -12"><span class='ocrx_word' id='word_1_124' title='bbox 154 844 314 887; x_wconf 74' lang='lat' dir='ltr'>Schult.</span> <span class='ocrx_word' id='word_1_125' title='bbox 346 857 389 896; x_wconf 79' lang='lat' dir='ltr'>p,</span> <span class='ocrx_word' id='word_1_126' title='bbox 422 844 555 894; x_wconf 87' lang='grc'>302,7</span> <span class='ocrx_word' id='word_1_127' title='bbox 587 845 614 882; x_wconf 87' lang='lat' dir='ltr'>l.</span> <span class='ocrx_word' id='word_1_128' title='bbox 648 872 658 883; x_wconf 93' lang='lat'>.</span> <span class='ocrx_word' id='word_1_129' title='bbox 681 873 691 885; x_wconf 87' lang='lat'>.</span> <span class='ocrx_word' id='word_1_130' title='bbox 716 876 725 885; x_wconf 91' lang='lat'>.</span> <span class='ocrx_word' id='word_1_131' title='bbox 756 848 868 895; x_wconf 80' lang='lat' dir='ltr'>post.</span> <span class='ocrx_word' id='word_1_132' title='bbox 901 846 1074 895; x_wconf 83' lang='lat' dir='ltr'>patrem</span> <span class='ocrx_word' id='word_1_133' title='bbox 1096 856 1136 882; x_wconf 81' lang='lat' dir='ltr'>u.</span> <span class='ocrx_word' id='word_1_134' title='bbox 1161 843 1213 882; x_wconf 87' lang='lat'>14</span> <span class='ocrx_word' id='word_1_135' title='bbox 1233 845 1426 897; x_wconf 64' lang='lat' dir='ltr'>leguntur</span> <span class='ocrx_word' id='word_1_136' title='bbox 1442 855 1483 896; x_wconf 88' lang='lat' dir='ltr'>p.</span> <span class='ocrx_word' id='word_1_137' title='bbox 1505 842 1640 893; x_wconf 81' lang='lat'>315,2</span> <span class='ocrx_word' id='word_1_138' title='bbox 1674 843 1767 883; x_wconf 83' lang='lat' dir='ltr'>dele</span> 
     </span>
     <span class='ocr_line' id='line_1_12' title="bbox 153 912 1767 966; baseline -0.002 -11"><span class='ocrx_word' id='word_1_139' title='bbox 153 916 179 955; x_wconf 90' lang='grc'>2</span> <span class='ocrx_word' id='word_1_140' title='bbox 210 919 309 954; x_wconf 84' lang='lat' dir='ltr'>ante</span> <span class='ocrx_word' id='word_1_141' title='bbox 356 912 480 953; x_wconf 79' lang='lat' dir='ltr'>eului</span> <span class='ocrx_word' id='word_1_142' title='bbox 520 914 547 953; x_wconf 83' lang='lat' dir='ltr'>c</span> <span class='ocrx_word' id='word_1_143' title='bbox 576 926 618 966; x_wconf 90' lang='lat' dir='ltr'>p.</span> <span class='ocrx_word' id='word_1_144' title='bbox 650 912 784 962; x_wconf 83' lang='lat'>318‚9</span> <span class='ocrx_word' id='word_1_145' title='bbox 823 915 851 953; x_wconf 90' lang='lat' dir='ltr'>l.</span> <span class='ocrx_word' id='word_1_146' title='bbox 892 913 1125 953; x_wconf 74' lang='lat' dir='ltr'>acoausari</span> <span class='ocrx_word' id='word_1_147' title='bbox 1162 913 1195 952; x_wconf 84' lang='lat' dir='ltr'>B</span> <span class='ocrx_word' id='word_1_148' title='bbox 1226 926 1269 966; x_wconf 90' lang='lat' dir='ltr'>p.</span> <span class='ocrx_word' id='word_1_149' title='bbox 1302 914 1465 964; x_wconf 85' lang='lat'>319‚30</span> <span class='ocrx_word' id='word_1_150' title='bbox 1501 915 1527 955; x_wconf 87' lang='lat' dir='ltr'>l.</span> <span class='ocrx_word' id='word_1_151' title='bbox 1559 915 1698 955; x_wconf 70' lang='lat' dir='ltr'>deleat·</span> <span class='ocrx_word' id='word_1_152' title='bbox 1727 927 1767 966; x_wconf 90' lang='lat' dir='ltr'>p.</span> 
     </span>
     <span class='ocr_line' id='line_1_13' title="bbox 154 982 1770 1036; baseline -0.001 -11"><span class='ocrx_word' id='word_1_153' title='bbox 154 985 252 1035; x_wconf 83' lang='lat'>320,</span> <span class='ocrx_word' id='word_1_154' title='bbox 270 985 322 1024; x_wconf 88' lang='lat'>10</span> <span class='ocrx_word' id='word_1_155' title='bbox 374 985 403 1024; x_wconf 87' lang='lat' dir='ltr'>l.</span> <span class='ocrx_word' id='word_1_156' title='bbox 449 983 536 1034; x_wconf 59' lang='grc' dir='ltr'>ίΡᾶθ</span> <span class='ocrx_word' id='word_1_157' title='bbox 579 983 681 1027; x_wconf 83' lang='lat' dir='ltr'>ibid.</span> <span class='ocrx_word' id='word_1_158' title='bbox 728 985 753 1024; x_wconf 86' lang='lat' dir='ltr'>I.</span> <span class='ocrx_word' id='word_1_159' title='bbox 797 985 848 1023; x_wconf 87' lang='lat'>19</span> <span class='ocrx_word' id='word_1_160' title='bbox 887 982 1099 1036; x_wconf 86' lang='lat' dir='ltr'>propillio</span> <span class='ocrx_word' id='word_1_161' title='bbox 1139 985 1165 1023; x_wconf 81' lang='lat' dir='ltr'>C</span> <span class='ocrx_word' id='word_1_162' title='bbox 1216 997 1260 1036; x_wconf 91' lang='lat' dir='ltr'>p.</span> <span class='ocrx_word' id='word_1_163' title='bbox 1302 985 1434 1024; x_wconf 86' lang='lat'>357.5</span> <span class='ocrx_word' id='word_1_164' title='bbox 1487 990 1586 1024; x_wconf 84' lang='lat' dir='ltr'>ante</span> <span class='ocrx_word' id='word_1_165' title='bbox 1630 982 1770 1024; x_wconf 87' lang='lat' dir='ltr'>filium</span> 
     </span>
     <span class='ocr_line' id='line_1_14' title="bbox 157 1051 1488 1106; baseline 0.002 -12"><span class='ocrx_word' id='word_1_166' title='bbox 157 1054 268 1094; x_wconf 78' lang='lat' dir='ltr'>adde</span> <span class='ocrx_word' id='word_1_167' title='bbox 297 1051 312 1106; x_wconf 73' lang='grc' dir='ltr'>ΙΙ</span> <span class='ocrx_word' id='word_1_168' title='bbox 337 1066 378 1106; x_wconf 87' lang='lat' dir='ltr'>p.</span> <span class='ocrx_word' id='word_1_169' title='bbox 411 1055 573 1106; x_wconf 87' lang='grc'>364,21</span> <span class='ocrx_word' id='word_1_170' title='bbox 615 1054 707 1094; x_wconf 77' lang='lat' dir='ltr'>dele</span> <span class='ocrx_word' id='word_1_171' title='bbox 741 1054 818 1106; x_wconf 85' lang='lat' dir='ltr'>qui</span> <span class='ocrx_word' id='word_1_172' title='bbox 848 1066 890 1106; x_wconf 91' lang='lat' dir='ltr'>p.</span> <span class='ocrx_word' id='word_1_173' title='bbox 922 1055 1085 1104; x_wconf 78' lang='lat'><strong>393,23</strong></span> <span class='ocrx_word' id='word_1_174' title='bbox 1127 1055 1153 1096; x_wconf 87' lang='lat' dir='ltr'>l.</span> <span class='ocrx_word' id='word_1_175' title='bbox 1185 1053 1333 1105; x_wconf 82' lang='lat' dir='ltr'>patiar</span> <span class='ocrx_word' id='word_1_176' title='bbox 1364 1055 1488 1103; x_wconf 79' lang='lat' dir='ltr'>ng.</span> 
     </span>
    </p>
   </div>
   <div class='ocr_carea' id='block_1_3' title="bbox 270 1533 1770 2499">
    <p class='ocr_par' dir='ltr' id='par_1_3' title="bbox 271 1533 806 1585">
     <span class='ocr_line' id='line_1_15' title="bbox 271 1533 806 1585; baseline 0 -12"><span class='ocrx_word' id='word_1_177' title='bbox 271 1535 308 1573; x_wconf 81' lang='lat' dir='ltr'>A</span> <span class='ocrx_word' id='word_1_178' title='bbox 338 1534 431 1574; x_wconf 85' lang='lat' dir='ltr'>cod.</span> <span class='ocrx_word' id='word_1_179' title='bbox 468 1533 806 1585; x_wconf 61' lang='lat' dir='ltr'>Antverpienffl:</span> 
     </span>
    </p>

    <p class='ocr_par' dir='ltr' id='par_1_4' title="bbox 270 1601 779 1647">
     <span class='ocr_line' id='line_1_16' title="bbox 270 1601 779 1647; baseline -0.002 -5"><span class='ocrx_word' id='word_1_180' title='bbox 270 1604 303 1642; x_wconf 85' lang='lat' dir='ltr'>B</span> <span class='ocrx_word' id='word_1_181' title='bbox 334 1604 429 1647; x_wconf 82' lang='lat' dir='ltr'>cod.</span> <span class='ocrx_word' id='word_1_182' title='bbox 462 1601 779 1644; x_wconf 75' lang='lat' dir='ltr'>Bruxellensz’s.</span> 
     </span>
    </p>

    <p class='ocr_par' dir='ltr' id='par_1_5' title="bbox 271 1671 853 1714">
     <span class='ocr_line' id='line_1_17' title="bbox 271 1671 853 1714; baseline -0.003 -1"><span class='ocrx_word' id='word_1_183' title='bbox 271 1674 299 1713; x_wconf 81' lang='lat'><strong>0</strong></span> <span class='ocrx_word' id='word_1_184' title='bbox 330 1686 557 1714; x_wconf 78' lang='lat' dir='ltr'><em>consensus</em></span> <span class='ocrx_word' id='word_1_185' title='bbox 587 1674 711 1713; x_wconf 80' lang='lat' dir='ltr'>codd.</span> <span class='ocrx_word' id='word_1_186' title='bbox 746 1671 853 1711; x_wconf 87' lang='grc' dir='ltr'>ΑΒ.</span> 
     </span>
    </p>

    <p class='ocr_par' dir='ltr' id='par_1_6' title="bbox 274 1743 565 1796">
     <span class='ocr_line' id='line_1_18' title="bbox 274 1743 565 1796; baseline 0.014 -14"><span class='ocrx_word' id='word_1_187' title='bbox 274 1743 309 1782; x_wconf 83' lang='lat' dir='ltr'><strong>E</strong></span> <span class='ocrx_word' id='word_1_188' title='bbox 340 1748 565 1796; x_wconf 78' lang='lat' dir='ltr'>excerpta.</span> 
     </span>
    </p>

    <p class='ocr_par' dir='ltr' id='par_1_7' title="bbox 273 1813 1210 1866">
     <span class='ocr_line' id='line_1_19' title="bbox 273 1813 1210 1866; baseline 0 -14"><span class='ocrx_word' id='word_1_189' title='bbox 273 1815 318 1852; x_wconf 76' lang='grc' dir='ltr'>Μ</span> <span class='ocrx_word' id='word_1_190' title='bbox 349 1818 648 1865; x_wconf 79' lang='lat' dir='ltr'>eaecerptorum</span> <span class='ocrx_word' id='word_1_191' title='bbox 679 1815 774 1854; x_wconf 80' lang='lat' dir='ltr'>cod.</span> <span class='ocrx_word' id='word_1_192' title='bbox 808 1813 1210 1866; x_wconf 69' lang='lat' dir='ltr'>Montepessulanus</span> 
     </span>
    </p>

    <p class='ocr_par' dir='ltr' id='par_1_8' title="bbox 273 1884 1169 1936">
     <span class='ocr_line' id='line_1_20' title="bbox 273 1884 1169 1936; baseline -0.001 -12"><span class='ocrx_word' id='word_1_193' title='bbox 273 1885 305 1922; x_wconf 87' lang='lat' dir='ltr'>P</span> <span class='ocrx_word' id='word_1_194' title='bbox 336 1889 633 1936; x_wconf 76' lang='lat' dir='ltr'>eoecerptorum</span> <span class='ocrx_word' id='word_1_195' title='bbox 665 1885 759 1925; x_wconf 81' lang='lat' dir='ltr'>eod.</span> <span class='ocrx_word' id='word_1_196' title='bbox 791 1884 1016 1924; x_wconf 73' lang='lat' dir='ltr'><em>Parisinus</em></span> <span class='ocrx_word' id='word_1_197' title='bbox 1048 1884 1169 1924; x_wconf 80' lang='lat'>7836.</span> 
     </span>
    </p>

    <p class='ocr_par' dir='ltr' id='par_1_9' title="bbox 275 1953 710 2006">
     <span class='ocr_line' id='line_1_21' title="bbox 275 1953 710 2006; baseline 0.002 -13"><span class='ocrx_word' id='word_1_198' title='bbox 275 1956 300 1993; x_wconf 89' lang='lat' dir='ltr'>S</span> <span class='ocrx_word' id='word_1_199' title='bbox 331 1955 424 1996; x_wconf 83' lang='lat' dir='ltr'>eod.</span> <span class='ocrx_word' id='word_1_200' title='bbox 458 1953 710 2006; x_wconf 74' lang='lat' dir='ltr'>Bruyensis.</span> 
     </span>
    </p>

    <p class='ocr_par' dir='ltr' id='par_1_10' title="bbox 272 2024 1195 2067">
     <span class='ocr_line' id='line_1_22' title="bbox 272 2024 1195 2067; baseline 0 -4"><span class='ocrx_word' id='word_1_201' title='bbox 272 2026 295 2063; x_wconf 95' lang='lat'>1</span> <span class='ocrx_word' id='word_1_202' title='bbox 332 2025 425 2067; x_wconf 81' lang='lat' dir='ltr'>cod.</span> <span class='ocrx_word' id='word_1_203' title='bbox 462 2024 499 2064; x_wconf 92' lang='lat' dir='ltr'><em>T</em></span> <span class='ocrx_word' id='word_1_204' title='bbox 497 2026 690 2065; x_wconf 79' lang='lat' dir='ltr'>oletanus</span> <span class='ocrx_word' id='word_1_205' title='bbox 719 2026 809 2064; x_wconf 79' lang='lat' dir='ltr'>sine</span> <span class='ocrx_word' id='word_1_206' title='bbox 843 2024 1195 2066; x_wconf 80' lang='lat' dir='ltr'><em>Covarruvianus.</em></span> 
     </span>
    </p>

    <p class='ocr_par' dir='ltr' id='par_1_11' title="bbox 274 2095 863 2136">
     <span class='ocr_line' id='line_1_23' title="bbox 274 2095 863 2136; baseline 0.003 -4"><span class='ocrx_word' id='word_1_207' title='bbox 274 2095 310 2132; x_wconf 82' lang='lat' dir='ltr'><strong>V</strong></span> <span class='ocrx_word' id='word_1_208' title='bbox 341 2096 436 2136; x_wconf 85' lang='lat' dir='ltr'>cod.</span> <span class='ocrx_word' id='word_1_209' title='bbox 476 2096 710 2135; x_wconf 70' lang='lat' dir='ltr'><em>Vaticanus</em></span> <span class='ocrx_word' id='word_1_210' title='bbox 740 2096 863 2136; x_wconf 82' lang='grc'>3872.</span> 
     </span>
    </p>

    <p class='ocr_par' dir='ltr' id='par_1_12' title="bbox 275 2165 791 2210">
     <span class='ocr_line' id='line_1_24' title="bbox 275 2165 791 2210; baseline 0 -6"><span class='ocrx_word' id='word_1_211' title='bbox 275 2165 306 2203; x_wconf 92' lang='grc'><strong>0</strong></span> <span class='ocrx_word' id='word_1_212' title='bbox 337 2178 478 2210; x_wconf 78' lang='lat' dir='ltr'>omnes</span> <span class='ocrx_word' id='word_1_213' title='bbox 508 2165 605 2205; x_wconf 80' lang='lat' dir='ltr'><em>libri</em></span> <span class='ocrx_word' id='word_1_214' title='bbox 633 2166 791 2206; x_wconf 80' lang='lat' dir='ltr'>collati.</span> 
     </span>
    </p>

    <p class='ocr_par' dir='ltr' id='par_1_13' title="bbox 276 2232 1770 2355">
     <span class='ocr_line' id='line_1_25' title="bbox 276 2232 1770 2288; baseline -0.001 -13"><span class='ocrx_word' id='word_1_215' title='bbox 276 2232 306 2287; x_wconf 88' lang='lat'>&lt;</span> <span class='ocrx_word' id='word_1_216' title='bbox 344 2234 372 2288; x_wconf 89' lang='lat'>&gt;</span> <span class='ocrx_word' id='word_1_217' title='bbox 404 2236 556 2275; x_wconf 75' lang='lat' dir='ltr'><em>inclusi</em></span> <span class='ocrx_word' id='word_1_218' title='bbox 584 2248 691 2287; x_wconf 86' lang='lat' dir='ltr'>quae</span> <span class='ocrx_word' id='word_1_219' title='bbox 719 2241 899 2287; x_wconf 77' lang='lat' dir='ltr'>praeter-</span> <span class='ocrx_word' id='word_1_220' title='bbox 928 2235 1114 2275; x_wconf 82' lang='lat' dir='ltr'><em>codicum</em></span> <span class='ocrx_word' id='word_1_221' title='bbox 1145 2237 1212 2274; x_wconf 82' lang='lat' dir='ltr'>uel</span> <span class='ocrx_word' id='word_1_222' title='bbox 1232 2235 1406 2275; x_wconf 77' lang='lat' dir='ltr'><em>omnium</em></span> <span class='ocrx_word' id='word_1_223' title='bbox 1426 2236 1495 2274; x_wconf 79' lang='lat' dir='ltr'>uel</span> <span class='ocrx_word' id='word_1_224' title='bbox 1523 2235 1770 2287; x_wconf 74' lang='lat' dir='ltr'><strong><em>optimorum</em></strong></span> 
     </span>
     <span class='ocr_line' id='line_1_26' title="bbox 412 2305 861 2355; baseline 0.004 -11"><span class='ocrx_word' id='word_1_225' title='bbox 412 2306 539 2355; x_wconf 81' lang='lat' dir='ltr'>fidem</span> <span class='ocrx_word' id='word_1_226' title='bbox 570 2305 721 2346; x_wconf 79' lang='lat' dir='ltr'><em>addita</em></span> <span class='ocrx_word' id='word_1_227' title='bbox 750 2312 861 2347; x_wconf 76' lang='lat' dir='ltr'>sunt.</span> 
     </span>
    </p>

    <p class='ocr_par' dir='ltr' id='par_1_14' title="bbox 278 2373 1022 2429">
     <span class='ocr_line' id='line_1_27' title="bbox 278 2373 1022 2429; baseline 0.003 -14"><span class='ocrx_word' id='word_1_228' title='bbox 278 2374 292 2429; x_wconf 93' lang='lat'>[</span> <span class='ocrx_word' id='word_1_229' title='bbox 324 2373 340 2429; x_wconf 87' lang='lat'>]</span> <span class='ocrx_word' id='word_1_230' title='bbox 374 2377 522 2417; x_wconf 80' lang='lat' dir='ltr'><em>notaui</em></span> <span class='ocrx_word' id='word_1_231' title='bbox 549 2389 657 2428; x_wconf 81' lang='lat' dir='ltr'>quae</span> <span class='ocrx_word' id='word_1_232' title='bbox 689 2377 869 2417; x_wconf 81' lang='lat' dir='ltr'>delenda</span> <span class='ocrx_word' id='word_1_233' title='bbox 899 2373 1022 2426; x_wconf 49' lang='lat' dir='ltr'><em>sunt)</em></span> 
     </span>
    </p>

    <p class='ocr_par' dir='ltr' id='par_1_15' title="bbox 277 2444 1031 2499">
     <span class='ocr_line' id='line_1_28' title="bbox 277 2444 1031 2499; baseline 0.001 -14"><span class='ocrx_word' id='word_1_234' title='bbox 277 2444 302 2471; x_wconf 66' lang='lat'>&#39;³‘</span> <span class='ocrx_word' id='word_1_235' title='bbox 333 2447 570 2498; x_wconf 75' lang='lat' dir='ltr'><em>siqnificaui</em></span> <span class='ocrx_word' id='word_1_236' title='bbox 600 2459 707 2499; x_wconf 80' lang='lat' dir='ltr'>quae</span> <span class='ocrx_word' id='word_1_237' title='bbox 739 2447 831 2498; x_wconf 82' lang='lat' dir='ltr'>ipse</span> <span class='ocrx_word' id='word_1_238' title='bbox 863 2447 1031 2486; x_wconf 74' lang='lat' dir='ltr'>nonani.</span> 
     </span>
    </p>
   </div>
  </div>
 </body>
</html>
