1976 3054
115 105 204 150 ,25
222 104 279 150 B.
457 99 1063 145 con'rnovmzsumvu
1089 98 1211 145 mn.
1242 99 1278 144 1.
1318 103 1362 144 6.
1597 96 1701 151 115

80 231 317 284 tutorem
361 226 731 280 fortissimum.
807 224 1007 279 Omnes
1051 241 1246 277 uxores
1293 222 1488 277 diuites
1534 223 1699 276 serui-

54 306 74 364 ⁸.
142 302 252 352 tem
301 297 540 368 exigunt.
614 296 768 350 crede
813 294 950 349 mihi
962 337 976 364 ‚
1022 294 1172 348 uolet
1215 294 1274 346 in
1318 294 1427 346 suis
1470 311 1698 364 regnare

54 369 313 436 ·diuitiis;
362 372 417 421 et
450 372 633 421 tamen
678 385 910 436 aequum
958 368 1041 419 est
1075 383 1192 419 eam
1229 366 1387 433 (me)
1423 363 1698 433 possidere

53 454 64 472 '
82 440 302 493 domum
339 442 375 503 †
418 457 580 519 quam
618 455 704 490 me
742 437 1043 507 agnouerit.
1119 434 1176 488 Si
1213 434 1545 503 coeperimus
1583 452 1697 487 esse

34 513 44 576 b
82 510 257 580 magis
292 509 474 574 liberi,
522 508 567 560 si
603 507 766 576 paulo
814 506 1107 576 speciosior
1153 505 1334 559 animo
1373 505 1486 558 eius
1527 503 1698 557 adful-

36 635 38 643 ,
82 582 212 634 serit
249 579 437 633 domus
447 619 463 646 ,
510 578 556 630 si
592 596 785 646 parum
822 577 1018 630 blande
1053 576 1363 645 fecerimus,
1400 575 1698 644 relinquet:

81 655 138 705 et
172 655 302 702 tunc
329 652 409 702 est
442 651 775 702 tormentum
800 665 980 700 carere
1017 647 1236 715 diuitiis,
1275 664 1397 699 cum
1432 645 1554 699 illas
1590 645 1699 698 iam

36 746 38 756 ·
82 721 328 775 senseris,
402 718 568 773 Vides
629 717 759 787 quid
819 718 962 770 inter
1023 717 1152 770 duas
1208 735 1402 771 uxores
1458 716 1697 770 intersit:

79 792 185 846 ista
221 791 267 844 si
301 808 403 843 nos
438 789 740 859 reliquerit,
779 806 837 841 re
877 791 986 840 etet
1031 806 1153 855 sua,
1202 788 1335 840 haec
1372 786 1517 857 quod
1554 785 1700 839 dedit

36 868 65 918 b
81 861 301 916 dimissa
353 878 467 914 non
520 860 742 913 auferet.
891 858 991 910 ulti
1047 858 1243 911 duxere
1305 859 1421 911 sine
1483 857 1698 911 dotibus

36 940 58 1002 3⁴
78 932 347 1000 mulieres,
385 931 603 1000 quidam
639 929 810 982 dictas
843 947 958 982 non
994 946 1245 997 accepere
1272 928 1438 996 doteS,
1480 927 1699 997 quidam

36 1031 42 1066 ;Ι
81 1004 245 1058 etiam
282 1001 476 1071 emptis
513 1000 754 1054 contenti
801 999 951 1052 fuere
997 998 1282 1067 mancipiis
1330 1001 1385 1051 et
1420 1016 1540 1051 cum
1578 1015 1699 1067 pos-

80 1076 202 1128 sent
236 1072 476 1142 accipere
514 1070 755 1139 diuitias,
803 1087 978 1123 emere
1025 1069 1221 1138 quibus
1267 1069 1574 1122 libertatem
1612 1067 1699 1120 da·

11 1167 46 1190 :x
79 1148 204 1198 rent
255 1143 562 1196 maluerunt
614 1160 776 1211 quam
831 1159 983 1193 suam
1038 1139 1284 1192 uendere.
1370 1139 1586 1208 Aliquis
1641 1139 1700 1191 in
1728 1140 1759 1187 6

35 1228 63 1279 ι
80 1214 427 1284 adoptionem
477 1213 691 1266 iuuenis
737 1212 964 1280 petitur:
1019 1210 1065 1263 si
1120 1210 1269 1263 uolet
1292 1258 1299 1263 ,
1321 1210 1400 1263 ire
1457 1212 1699 1279 quaerat,

16 1288 42 1330 ¹?
71 1302 243 1340 *senex
288 1284 380 1337 ille
417 1284 510 1354 qui
546 1283 685 1353 petit
722 1282 905 1351 quales
953 1285 1007 1334 et
1044 1299 1179 1350 quos
1216 1280 1415 1334 habeat
1450 1280 1699 1347 maioreS‚

36 1350 45 1365 ⁸
80 1359 283 1427 quanta
330 1355 499 1423 bona,
554 1372 625 1406 an
673 1353 802 1406 sah’s
852 1369 1050 1422 magno
1097 1369 1152 1404 se
1212 1352 1386 1420 possit
1438 1350 1698 1404 addicere.

78 1426 278 1495 aliquis
313 1442 501 1495 capere
540 1425 699 1478 orbos
737 1442 890 1477 senes
926 1423 1046 1476 uult
1082 1426 1137 1475 et
1161 1441 1283 1475 suas
1321 1439 1441 1491 spes
1479 1422 1537 1474 in
1574 1420 1700 1473 alie-

79 1514 178 1551 nas
216 1500 415 1549 mortes
461 1495 782 1548 diffundere:
831 1494 1066 1547 excutiat
1101 1495 1451 1559 testamenta,
1501 1494 1701 1544 scrute-

7 1591 10 1618 s
79 1571 172 1622 tur
217 1584 433 1633 census;
488 1566 581 1619 ubi
631 1583 760 1619 uero
810 1564 1046 1634 quaeslret
1101 1581 1351 1631 uxorem,
1398 1561 1582 1615 uideat
1629 1579 1701 1614 an

77 1637 297 1707 nuptias
344 1655 466 1690 suas
503 1640 669 1704 amet,
721 1654 791 1688 an
828 1635 906 1687 nil
943 1634 1112 1704 pluris
1149 1633 1315 1687 faciat
1359 1633 1581 1702 marito,
1629 1650 1701 1684 an

79 1708 383 1763 misericors
419 1707 515 1775 sit,
553 1725 624 1760 an
661 1706 819 1760 fortis
857 1706 942 1773 sit,
982 1724 1052 1758 an
1090 1705 1288 1774 possit,
1328 1705 1373 1757 si
1450 1703 1542 1756 uid
1578 1703 1699 1756 uiro

81 1778 345 1847 inciderit,
383 1777 524 1831 mala
558 1796 668 1830 una
704 1777 959 1830 tolerare:
1016 1776 1061 1828 si
1099 1775 1185 1828 his
1221 1775 1381 1828 bonis
1443 1774 1586 1827 uerit
1620 1773 1701 1826 in-

81 1856 300 1918 structa,
337 1848 521 1901 dotata
557 1853 652 1901 est.
715 1846 842 1900 Non
881 1865 1164 1915 possumus
1190 1864 1298 1898 una
1336 1845 1519 1898 felices
1558 1862 1699 1897 esse:

82 1919 227 1990 quod
273 1919 529 1986 solemus,
588 1937 697 1971 una
744 1918 985 1970 infelices
1036 1918 1248 1970 erimus,
1325 1915 1456 1984 Fac,
1504 1915 1700 1984 inquit,

122 1989 227 2043 uod
264 1990 515 2059 imperat3
554 1989 682 2042 nolo
722 1993 942 2058 propter
978 2006 1063 2040 me
1102 1991 1308 2057 patrem
1342 1989 1497 2038 tuum
1535 1985 1702 2039 offen—

82 2009 193 2115 flas.
244 2061 350 2129 ibo,
388 2060 590 2130 inquit,
632 2060 759 2113 sola.
835 2058 917 2111 Tu
956 2058 1098 2111 ibis?
1136 2076 1260 2127 quo,
1300 2056 1529 2109 infelix?
1568 2073 1699 2125 quas

205 2235 226 2274 1
261 2238 435 2275 ntorum
456 2233 486 2272 c
505 2229 522 2285 Ι
543 2233 570 2274 3
601 2244 673 2273 me
694 2232 797 2272 add.
819 2231 968 2271 Haase
990 2229 1007 2283 ΙΙ
1028 2232 1054 2271 4
1086 2242 1220 2283 quam
1242 2242 1390 2270 meam
1412 2232 1459 2277 T,
1494 2229 1541 2269 in
1565 2240 1701 2282 quam

7 2334 9 2338 Α
85 2301 155 2331 me
187 2289 438 2331 sdueiuerit
470 2288 600 2331 Gron.
633 2301 734 2329 eam
767 2287 998 2341 possidere
1032 2286 1232 2335 domum,
1276 2299 1410 2338 quam
1451 2298 1507 2327 ea
1539 2283 1703 2337 (domus

8 2373 13 2378 γι
82 2344 199 2395 scil.)
244 2345 507 2398 agnouerit,
556 2345 608 2386 N.
651 2345 839 2397 Madvig.
888 2356 1005 2396 quae
1052 2355 1124 2383 me
1177 2342 1405 2383 dominum
1459 2341 1703 2394 agnouerit

85 2400 216 2443 Bur-⁸.
253 2399 271 2455 Ι
305 2403 333 2443 ⁶
362 2401 544 2455 magnis
574 2402 603 2440 0
638 2399 655 2454 n
696 2403 721 2441 6
755 2389 911 2455 panim
943 2401 971 2439 C
1012 2398 1028 2452 ΙΙ
1079 2398 1301 2450 relinquit
1331 2399 1406 2439 BT
1456 2395 1472 2450 ΙΙ
1525 2399 1548 2437 7
1581 2410 1701 2438 nune

83 2459 147 2499 Ta
180 2455 197 2509 Ι
229 2456 391 2498 diuisit
420 2458 451 2496 ο
476 2454 495 2509 Ι
529 2457 555 2499 8
586 2458 787 2499 senserit
814 2457 848 2497 B
877 2455 893 2509 ΙΙ
933 2458 960 2497 9
991 2455 1269 2508 relinquerit
1298 2453 1364 2508 011
1393 2467 1503 2496 suas
1533 2455 1562 2493 c
1593 2465 1700 2494 suos

82 2514 141 2559 ¹2.
191 2527 308 2555 eor-r.
347 2512 400 2554 N.
442 2513 605 2562 Faber,
650 2525 723 2555 reu
769 2517 951 2566 repetet.
998 2524 1108 2554 suas
1158 2512 1288 2552 Burs.
1331 2509 1347 2564 ΙΙ
1402 2513 1452 2552 10
1498 2510 1701 2552 demissa

82 2570 225 2611 0⁸¹1·-
253 2568 270 2622 Ι
300 2570 323 2594 ⁶
344 2568 530 2610 baeton
560 2570 590 2609 0
619 2581 745 2611 eram
773 2570 836 2611 Ta
863 2580 1053 2611 uxorem
1083 2568 1144 2607 Tb
1176 2566 1191 2620 ΙΙ
1224 2570 1271 2608 11
1308 2567 1520 2620 accipere
1551 2566 1658 2606 ATa
1688 2564 1692 2618 Ι

83 2625 268 2682 quidam
291 2632 444 2667 autem
467 2627 500 2665 T
521 2622 538 2677 Ι
562 2626 612 2665 12
635 2625 865 2667 contentio
888 2627 917 2666 0
937 2623 954 2679 ΙΙ
980 2628 1029 2667 15
1053 2624 1232 2678 petitus
1260 2626 1359 2664 STa
1380 2622 1396 2677 ΙΙ
1419 2627 1613 2675 quaeret
1634 2624 1666 2661 T
1687 2639 1690 2663 ε

84 2683 140 2724 16
169 2680 306 2736 quale
332 2681 412 2722 ned
443 2682 479 2721 Δ
501 2680 518 2733 Ι
546 2682 591 2722 17
625 2680 809 2724 adicere
841 2683 874 2722 1·
895 2680 913 2735 1
936 2683 987 2723 19
1019 2685 1192 2723 scrutet
1218 2682 1247 2721 c
1269 2679 1284 2732 ll
1306 2682 1361 2722 20
1383 2692 1545 2721 sensus
1566 2680 1667 2718 cTa
1688 2709 1702 2729 ,,

115 2738 164 2779 ui
186 2750 295 2780 nero
318 2737 466 2779 Haase
488 2736 505 2788 ΙΙ
529 2734 607 2789 nn]
642 2736 697 2778 ad
730 2735 868 2790 0121
902 2738 1044 2779 iamet
1073 2739 1125 2788 0,
1156 2741 1303 2790 nupta
1326 2750 1375 2777 se
1401 2740 1447 2776 et
1468 2748 1552 2776 sua
1575 2739 1700 2775 amet

81 2748 236 2837 zuene
255 2793 274 2846 Ι
293 2796 349 2835 22
380 2805 490 2835 uero
519 2794 691 2842 Aur,
722 2807 836 2836 corr.
853 2794 919 2835 Ab
939 2791 957 2847 ΙΙ
978 2796 1033 2836 23
1063 2793 1174 2833 mali
1207 2796 1239 2833 T
1261 2791 1277 2846 ΙΙ
1299 2806 1419 2834 uena
1451 2794 1479 2831 c
1511 2791 1624 2832 uelit
1648 2792 1695 2838 T,

82 2860 176 2892 nna
206 2851 271 2891 Ab
292 2850 309 2903 fl
331 2851 445 2892 uibis
475 2851 540 2890 A·
560 2850 575 2901 ss
598 2851 653 2890 26
684 2846 789 2903 {ster
820 2862 889 2891 me
920 2847 986 2902 011
1014 2851 1067 2891 27
1100 2849 1221 2902 bibis
1253 2851 1286 2890 B
1309 2848 1325 2899 ΙΙ
1349 2860 1528 2901 quoque
1559 2848 1701 2886 CSTa

1338 2918 1357 2940 Ο

22 2942 27 3054 ¹
1298 2922 1323 2960 ὃ
