1936 3100
186 127 293 180 472
712 124 944 169 ANNAEI
977 123 1252 168 SENECAE
1595 139 1637 179 p.
1647 128 1727 167 301
1746 128 1802 171 B.

191 252 333 304 diam
370 251 513 303 bello
561 253 796 302 tument:
845 250 988 302 inter
1026 249 1206 302 ciuilia
1253 250 1545 302 certamina
1589 253 1803 302 tantum

189 323 249 374 in
295 321 559 374 ultionem
606 321 734 372 satis
784 322 864 372 est
902 322 1162 388 quantum
1200 320 1424 388 quisque
1473 319 1540 372 ad
1587 319 1804 371 maledi-

193 391 420 444 cendum
469 391 766 458 occupauit.
841 389 1076 442 Macerio
1126 408 1231 458 qua
1284 390 1545 443 uiolentia
1598 391 1658 441 in
1711 390 1801 442 ab·

192 462 421 514 sentiam
457 461 662 513 Metelli
699 460 915 528 strepit!
990 459 1064 512 M.
1093 459 1226 513 Cato
1265 459 1498 513 Pulchro
1537 460 1802 513 obiciente

190 531 460 585 furtorum
519 531 743 583 crimina
789 529 1012 583 audiuit.
1089 548 1223 599 quae
1280 531 1452 583 maior
1507 530 1802 600 indignitas
1825 543 1848 577 5
1933 531 1936 606 3

191 603 337 654 illius
385 601 583 654 saeculi
621 619 732 653 esse
769 600 950 669 potuit
987 618 1148 669 quam
1194 604 1287 653 aut
1324 601 1558 654 Pulcher
1593 618 1802 653 accusa·
1929 594 1936 668 [ᾖ

190 677 279 725 tor
315 674 408 724 aut
453 689 575 724 reus
615 670 788 724 Cato?
861 670 928 722 In
967 669 1063 723 Cn.
1103 670 1422 739 Pompeium
1466 674 1611 723 terra
1646 671 1803 723 mari-

193 761 296 811 que
334 742 595 794 uictorem
641 741 747 793 fuit
784 741 877 809 qui
914 758 1130 794 carmen
1176 744 1530 810 conponeret,
1568 759 1704 808 un0,
1742 744 1804 792 ut

191 813 291 881 ait,
340 812 511 882 digito
559 815 720 880 caput
778 811 1123 880 scalpentem.
1197 811 1302 864 fuit
1359 811 1554 880 aliquis
1602 811 1695 880 qui
1742 811 1805 862 li-

193 883 370 935 centia
430 882 679 935 carminis
740 884 848 934 tres
911 885 1125 934 auratos
1182 899 1367 934 currus
1417 883 1800 934 contemneret.
1827 896 1870 929 10

190 952 264 1005 M.
304 952 462 1005 Bruti
519 952 863 1005 sacratissimi
911 993 922 1004 .
966 993 977 1004 .
1018 993 1029 1004 .
1070 993 1081 1004 .
1130 952 1541 1021 uaniloquentia
1593 952 1804 1019 laceret,

192 1041 313 1075 cum
363 1022 579 1091 quidem
638 1023 751 1074 eius
799 1021 947 1074 ciuili
1004 1023 1265 1092 sanguine
1324 1040 1437 1075 non
1493 1022 1805 1090 inquinatas

192 1093 366 1146 solum
420 1111 611 1145 manus
667 1092 759 1145 sed
812 1091 1040 1144 infectas
1096 1093 1193 1161 ait3
1246 1095 1407 1160 atque
1461 1092 1552 1144 ille
1606 1095 1804 1160 tamen,

192 1181 312 1216 cum
363 1166 473 1215 tres
523 1162 832 1215 consulatus
888 1179 948 1214 ac
995 1164 1105 1214 tres
1160 1162 1465 1231 triumphos
1523 1162 1803 1230 scinderet,

192 1234 322 1286 adeo
371 1251 484 1285 non
536 1233 718 1284 timuit
762 1250 830 1284 ne
880 1234 1018 1284 esset
1065 1250 1210 1301 reuS,
1259 1236 1320 1284 ut
1366 1233 1528 1285 etiam
1577 1232 1803 1284 disertus
1827 1246 1869 1279 15
1932 1290 1935 1302 Ι

193 1321 306 1355 esse
345 1303 627 1355 curauerit.
704 1301 860 1355 Solus
898 1301 987 1354 hic
1025 1305 1105 1354 est
1142 1302 1200 1354 in
1246 1305 1432 1355 nostra
1471 1302 1688 1355 ciuitate
1725 1303 1805 1354 in-

191 1373 475 1426 nocentior
503 1372 724 1441 Catone‚
763 1372 999 1425 nobilior
1024 1371 1261 1440 Metello,
1302 1372 1560 1441 Pompeio
1599 1372 1806 1441 fortior,

196 1442 386 1513 [Bruto
427 1484 438 1495 .
469 1485 480 1496 .
510 1485 521 1496 .
552 1442 601 1514 .].

136 1537 165 1583 9
300 1528 502 1580 LATRO
552 1527 627 1579 sic
666 1527 872 1579 diuisit:
912 1545 982 1578 an
1028 1527 1087 1578 in
1124 1545 1181 1579 re
1229 1527 1427 1579 iniuria
1464 1526 1548 1579 sit.
1622 1526 1803 1594 Nulla,

192 1599 400 1667 inquit,
457 1597 656 1650 iniuria
703 1600 798 1649 est.
874 1596 1174 1649 sordidatus
1230 1616 1370 1666 sum3
1432 1614 1594 1666 quam
1647 1597 1805 1648 multi
1828 1612 1876 1645 20

192 1668 427 1721 faciunt!
479 1668 670 1721 Omnia
706 1667 934 1719 iniuriae
973 1684 1172 1736 genera
1211 1668 1401 1738 (lege)
1439 1668 1807 1735 conprehensa

194 1742 347 1791 sunt:
404 1739 617 1808 pulsare
669 1755 782 1790 non
839 1737 989 1806 licet,
1048 1737 1346 1790 conuitium
1396 1737 1572 1789 facere
1619 1740 1807 1789 contra
1854 1775 1866 1785 Δ

124 1808 136 1817 '
193 1810 365 1862 bonos
414 1827 588 1861 mores
634 1826 748 1860 non
794 1806 934 1859 licet.
1008 1807 1128 1860 Hoc
1173 1808 1293 1860 loco
1343 1806 1606 1861 SCAVRVS
1646 1806 1804 1859 dixit:

193 1897 339 1932 noua
375 1879 609 1932 formula
647 1877 967 1930 iniuriarum
994 1878 1358 1946 componitur:
1397 1877 1562 1946 ‘quod
1596 1877 1687 1929 ille
1723 1877 1805 1929 illi

195 1953 384 2002 contra
419 1950 592 2002 bonos
629 1966 804 2002 mores
844 1948 1142 2001 conuitium
1180 1948 1416 2017 <fecit>’.
1478 1947 1708 2000 Etiamsi
1745 1947 1804 1999 in
1825 1960 1870 1994 25

192 2038 250 2072 re
287 2020 486 2072 iniuria
523 2022 629 2087 est,
678 2037 749 2071 an
786 2019 830 2071 si
878 2037 991 2071 non
1037 2018 1179 2071 malo
1229 2019 1408 2071 animo
1455 2017 1610 2085 facit,
1658 2020 1806 2069 tutus

193 2090 287 2158 sit3
347 2108 418 2142 an
463 2090 605 2142 malo
655 2090 834 2141 animo
891 2088 1068 2141 faciat.
1152 2088 1271 2141 Hoc
1319 2088 1520 2141 LATRO
1569 2088 1626 2139 in
1675 2086 1806 2138 duas

195 2301 289 2329 esse
321 2294 465 2328 censet
495 2288 732 2340 N.Madvz‘q
773 2286 788 2339 ΙΙ
832 2289 853 2326 1
888 2290 1044 2326 tumen
1074 2286 1112 2324 A
1151 2284 1167 2338 ΙΙ
1209 2288 1234 2327 3
1265 2285 1478 2326 MCicero
1517 2285 1568 2336 0,
1599 2284 1807 2325 Macerio

196 2343 402 2384 Ruhnken
433 2345 492 2384 ad
528 2344 635 2383 Vell.
669 2357 710 2395 p.
744 2344 798 2382 45
826 2340 842 2393 ΙΙ
873 2343 983 2394 quia
1014 2341 1237 2382 uiolentia
1273 2342 1322 2381 in
1352 2341 1611 2382 absentiam
1643 2343 1689 2381 et
1721 2339 1807 2380 elis

193 2399 336 2453 trepit
367 2399 398 2438 0
433 2398 449 2451 11
479 2400 637 2464 6-3556
671 2412 747 2441 om.
779 2398 816 2437 A
838 2396 853 2450 ΙΙ
896 2399 982 2450 qua
1010 2401 1061 2437 ut
1089 2398 1127 2437 A
1148 2395 1163 2450 ΙΙ
1205 2399 1229 2438 7
1262 2409 1396 2438 areus
1426 2398 1465 2449 A
1504 2410 1563 2437 an
1593 2409 1697 2437 reus
1730 2397 1763 2436 Β
1793 2394 1808 2449 Η

196 2470 301 2509 siito
333 2472 395 2509 Ta
416 2467 432 2521 ΙΙ
460 2468 562 2509 INC
596 2470 623 2507 ἤ
654 2469 691 2507 A
721 2469 769 2507 in
801 2461 885 2507 c'n'
914 2467 947 2506 B
970 2465 986 2520 ΙΙ
1007 2467 1274 2520 poinpeium
1303 2467 1336 2505 Β
1365 2464 1381 2520 ΙΙ
1403 2469 1429 2508 8
1461 2478 1623 2507 camen
1652 2466 1686 2504 B
1715 2463 1731 2518 ΙΙ
1755 2467 1810 2506 10
1933 2493 1936 2519 ³

197 2526 310 2566 cufr
341 2525 372 2563 0
393 2523 409 2578 ΙΙ
433 2526 483 2565 11
515 2524 808 2577 neloquentia
840 2525 868 2562 Ο
898 2524 1262 2576 ineloquentiam
1293 2525 1341 2575 Τ,
1373 2536 1487 2564 corr.
1513 2522 1559 2566 0.
1579 2522 1704 2572 Ialm,
1737 2523 1810 2575 qui
1921 2517 1936 2577 3

195 2572 366 2622 fam'am
399 2587 440 2622 et
471 2593 616 2621 nomen
646 2581 912 2621 accusatoris
947 2581 1216 2620 intercidisse
1245 2593 1362 2632 susp.
1399 2577 1416 2631 ΙΙ
1450 2578 1616 2619 licei-at
1644 2578 1678 2616 Β
1707 2575 1723 2629 ΙΙ
1757 2579 1807 2617 12
1934 2579 1936 2595 ⁵

198 2636 381 2689 quidam
423 2639 455 2676 T
496 2635 511 2690 ΙΙ
554 2638 606 2677 13
645 2636 822 2676 mannis
861 2638 889 2675 G
929 2634 945 2688 ΙΙ
988 2637 1170 2676 16-19
1210 2648 1311 2676 esse
1352 2648 1462 2675 cura
1494 2634 1655 2674 diuisit
1683 2635 1806 2687 reliq.

195 2694 364 2734 omissis
393 2694 431 2732 A
469 2691 484 2747 ΙΙ
527 2694 580 2733 18
611 2694 753 2734 Bruto
786 2693 884 2733 add.
919 2692 964 2736 0.
997 2692 1110 2732 Jahn
1138 2689 1154 2744 ΙΙ
1192 2693 1243 2731 21
1277 2691 1380 2745 lege
1412 2692 1513 2732 add.
1546 2690 1677 2730 Burs.
1707 2688 1722 2743 ΙΙ
1751 2691 1807 2730 22

196 2747 324 2801 sunt]
360 2750 421 2789 sit
452 2750 550 2789 c'ra
571 2746 586 2801 ΙΙ
610 2749 870 2789 conuiuium
891 2749 929 2787 A
950 2746 966 2801 ΙΙ
988 2750 1042 2789 23
1064 2748 1158 2787 dixi
1179 2748 1212 2787 B
1235 2745 1250 2800 ΙΙ
1273 2749 1328 2788 24
1365 2747 1443 2787 ille
1474 2759 1551 2788 om.
1571 2749 1603 2785 Τ
1625 2743 1641 2799 ΙΙ
1663 2748 1733 2787 24.
1750 2746 1806 2786 25

194 2805 276 2844 ille
308 2805 423 2845 nihil
455 2810 615 2846 contra
645 2805 690 2845 b.
712 2818 766 2847 m.
785 2804 817 2848 f.
838 2804 964 2844 Burs.
989 2802 1004 2857 ΙΙ
1026 2805 1080 2845 25
1112 2816 1262 2844 moros
1291 2805 1325 2843 Β
1347 2801 1363 2856 ΙΙ
1394 2802 1415 2824 *
1434 2799 1704 2854 conuitium]
1736 2801 1807 2841 uit

193 2861 224 2899 c
261 2861 349 2902 fuit
379 2864 411 2901 Τ
435 2859 450 2915 ΙΙ
473 2861 588 2903 fecit
619 2862 718 2902 add.
750 2861 879 2901 Burs.
902 2858 918 2912 l}
940 2862 994 2901 27
1027 2860 1176 2901 amalo
1209 2862 1271 2899 Ta.
1604 2871 1606 2873 ·
