1936 3100
230 116 335 169 524
756 114 987 156 ANNAEI
1019 113 1296 156 SENECAE
1438 171 1441 174 y
1617 126 1660 166 p.
1681 102 1764 155 453
1784 114 1838 157 B.

231 245 357 294 ante
403 242 688 294 tormenta.
763 239 939 309 Ignis,
988 240 1283 306 tormenta,
1339 236 1567 289 ferrum:
1625 237 1842 289 officina

229 312 362 364 haec
398 311 620 379 pictoris
658 328 728 362 an
764 309 1006 377 Philippi
1045 309 1163 360 est?

334 394 467 447 Pars
506 395 688 447 altera.
738 393 1050 461 Numquam
1075 392 1235 444 unius
1273 392 1410 444 malo
1448 391 1664 460 publica
1696 390 1842 443 fama

232 466 608 534 corrumpitur.
661 463 884 517 solidior
909 466 989 516 est
1025 463 1210 531 opinio
1238 461 1654 514 Atheniensium
1680 478 1841 530 quam

229 540 290 588 ut
326 535 637 588 labefactari
674 534 957 604 tormentis
995 533 1195 601 captiui
1232 533 1419 602 possit.
1478 531 1725 600 Laesisti,
1763 531 1841 583 in·
1864 545 1886 578 5

232 606 386 675 quid,
425 605 836 674 rempublicam,
876 602 1020 673 quod
1055 603 1196 656 hanc
1241 603 1506 671 picturam
1542 603 1601 654 in
1637 601 1841 670 templo

230 676 472 745 posuisti.
547 675 769 728 laedunt
815 674 1200 742 rempublicam
1249 673 1341 741 qui
1388 672 1591 742 aliquid
1635 672 1717 724 illi
1755 690 1844 724 au-

230 747 436 813 ferunt,
494 764 608 799 non
666 746 758 814 qui
811 745 1064 798 adiciunt.
1148 743 1516 796 Peccauerunt
1581 759 1709 812 ergo
1766 759 1845 793 re-

232 816 478 885 cipiendo
553 816 795 868 tabulam
866 816 1027 868 etiam
1101 813 1416 867 sacerdotes,
1503 830 1595 865 cur
1663 815 1847 866 tamen

231 905 344 939 non
390 885 728 955 reciperent?
779 886 1000 939 deorum
1050 885 1274 937 crimina
1321 884 1379 936 in
1433 883 1649 952 templis
1702 882 1848 952 picta
1870 895 1911 928 10

234 960 376 1010 sunt.
433 956 667 1009 Multum
705 975 916 1025 semper
953 957 1156 1008 artibus
1194 954 1369 1007 licuit:
1409 953 1600 1006 medici
1637 955 1699 1006 ut
1733 952 1846 1004 uim

232 1028 476 1097 ignotam
524 1027 699 1079 morbi
739 1028 1150 1097 cognoscerem,
1198 1025 1403 1077 uiscera
1448 1024 1732 1078 hominum
1767 1040 1847 1074 re-

231 1097 517 1151 sciderunt.
561 1098 576 1168 Η
1371 1124 1374 1127 ·

609 1318 1312 1387 <CONTROVERSIA
1351 1318 1490 1387 V1.>

565 1436 687 1476 FVR
717 1434 1078 1477 ACCVSATOR
1108 1432 1524 1476 PRODITIOle.
1871 1441 1914 1476 15

235 1546 563 1599 Iniuriarum
625 1546 694 1598 sit
754 1546 910 1598 actio.
998 1543 1109 1597 Fur
1170 1544 1422 1598 contione
1483 1542 1849 1612 prohibeatur.

382 1615 609 1678 Quidam
648 1634 769 1668 cum
796 1615 1020 1668 diuitem
1044 1615 1365 1684 proditionis
1404 1616 1716 1682 accusasset,
1754 1631 1850 1665 no-

380 1691 468 1740 ctu
515 1686 774 1755 parietem
823 1686 935 1738 eius
981 1685 1217 1755 perfodit
1255 1689 1308 1738 et
1354 1684 1610 1737 scrinium
1646 1684 1704 1736 in
1742 1701 1848 1752 quo

378 1757 572 1809 missae
620 1760 774 1809 erant
811 1757 877 1808 ab
924 1756 1171 1809 hostibus
1218 1756 1429 1808 litterae
1467 1754 1697 1808 sustulit.
1752 1753 1848 1811 >da—

377 1831 590 1880 mnatus
617 1831 699 1880 est
725 1826 888 1879 diueS.
941 1845 1062 1879 cum
1099 1826 1402 1879 contionari
1440 1825 1605 1879 uellet
1634 1823 1848 1878 accusa·
1871 1850 1914 1883 20

377 1903 479 1967 tor,
519 1917 550 1950 a
586 1897 903 1968 magistratu
940 1897 1246 1966 prohibitus
1285 1897 1402 1966 agit
1436 1896 1705 1948 iniuriam.

342 1996 404 2048 Id
442 1997 615 2049 solum
642 1996 833 2048 sustuli
860 1995 1003 2064 q‘uod
1028 1995 1117 2047 fur
1141 1995 1458 2064 reliquisset.
1514 1994 1652 2047 nihil
1677 1994 1849 2064 magis

235 2067 325 2119 fur
361 2067 519 2119 timui
546 2085 707 2135 quam
731 2084 800 2118 ne
839 2066 1088 2119 dominus
1114 2065 1319 2119 furtum
1344 2065 1517 2118 nollet
1541 2082 1846 2135 agnoscere.
1917 2066 1934 2142 ᾗ

234 2137 503 2190 Ruentem
554 2137 787 2190 ciuitatis
835 2139 1033 2189 statum
1079 2137 1238 2188 unius
1295 2135 1514 2204 parietis
1561 2135 1719 2187 ruina
1765 2153 1849 2187 su·
1931 2153 1933 2165 ¹

236 2207 465 2276 spendit.
540 2207 807 2260 Profiteor
842 2207 1125 2259 indicium:
1174 2206 1307 2258 furti
1344 2205 1450 2257 mei
1498 2205 1687 2258 ciuitas
1725 2222 1848 2258 con·
1872 2202 1933 2262 ‘255¹

237 2279 347 2330 scia
373 2282 466 2330 est.
518 2277 746 2329 Furtum
785 2281 865 2330 est
890 2277 1034 2346 quod
1058 2276 1212 2328 timet
1239 2276 1486 2329 dominus
1518 2276 1848 2345 agnoscere?
1935 2277 1936 2284 ’

236 2348 380 2416 quod
428 2347 521 2416 qui
564 2346 797 2416 perdidit
844 2346 1167 2415 supplicium
1214 2346 1367 2413 tulit,
1414 2346 1712 2415 praemium
1757 2346 1850 2414 qui

237 2417 542 2486 subripuit?
618 2416 718 2470 Cui
764 2418 935 2487 magis
981 2417 1312 2485 permisisses
1355 2417 1529 2485 loqui,
1578 2417 1623 2469 si
1661 2416 1848 2469 eodem

235 2493 477 2557 tempore
515 2491 568 2540 et
603 2488 692 2539 fur
728 2488 966 2540 uenisset
1013 2491 1066 2540 et
1103 2487 1390 2540 dominus?
1439 2486 1588 2539 Mille
1626 2487 1848 2539 nauium

238 2559 395 2611 duces
442 2558 587 2610 furto
635 2557 852 2610 Troiam
911 2558 1139 2626 cepistis.
1214 2558 1259 2610 si
1306 2558 1442 2609 bene
1497 2557 1643 2609 furto
1700 2574 1845 2609 euer-
1867 2569 1921 2611 30'

237 2632 429 2681 tuntur
466 2629 639 2696 urbeS,
680 2631 882 2696 quanto
923 2629 1113 2681 melius
1151 2626 1491 2680 liberantur?
1564 2627 1630 2680 In
1666 2627 1848 2680 forum
1915 2695 1917 2698 .

351 2802 375 2839 2
407 2798 554 2852 filippi
584 2801 629 2838 M
650 2797 665 2852 ΙΙ
689 2802 726 2840 9.
752 2802 804 2841 10
838 2799 930 2840 Cur
959 2803 1116 2839 tamen
1149 2812 1229 2840 cur
1259 2811 1349 2840 non
1380 2800 1425 2837 Μ
1446 2796 1461 2851 ΙΙ
1486 2799 1537 2839 19
1570 2797 1746 2839 ostibus
1768 2799 1814 2836 M
1834 2795 1848 2850 ΙΙ

239 2857 293 2896 20
326 2857 587 2896 concionari
618 2857 662 2895 M
693 2855 708 2909 ΙΙ
751 2859 998 2898 accusatur
1028 2857 1100 2896 Mb
1130 2853 1145 2909 ΙΙ
1188 2857 1241 2897 23
1273 2856 1441 2896 furtum
1475 2867 1608 2908 quam
1640 2855 1712 2894 Mb
