1942 3034
145 94 250 148 298
664 93 896 138 ANNAm
926 95 1202 138 sunnon:
1542 112 1587 152 p.
1608 98 1690 163 184
1706 98 1758 140 Β.

148 238 309 289 quam
345 221 508 273 iocos.
564 220 687 273 fiat:
726 219 904 272 audite
930 221 1222 273 sententias
1261 220 1319 273 in
1354 221 1455 274 hac
1480 222 1597 291 ipsa
1634 239 1760 275 con-

146 290 410 345 trouersia
448 289 629 344 dictas

470 485 1175 554 <CONTROVERSIA
1221 486 1425 556 XV1.>

144 612 375 667 Thema:
426 613 645 666 Mortua
691 613 908 683 quidam
964 631 1129 666 uxore
1178 631 1243 666 ex
1290 632 1394 683 qua
1441 613 1574 668 duos
1621 614 1759 668 filios

285 685 532 752 habebat,
573 683 724 736 duxit
749 683 923 737 aliam.
973 684 1201 737 alterum
1227 701 1293 736 ex
1329 683 1759 739 adulescentibus
1784 702 1805 735 5

286 755 431 808 domi
467 754 720 823 parricidi
746 753 1048 824 damnauit3
1088 753 1309 807 tradidit
1343 755 1499 807 fratri
1535 755 1761 824 punien-

286 825 437 878 dum:
487 825 578 877 ille
626 828 896 878 exarmato
945 825 1165 895 nauigio
1205 825 1478 893 imposuit.
1554 825 1760 878 delatus

285 899 366 949 est
402 894 713 948 adulescens
751 896 818 948 ad
853 895 1079 964 piratas,
1128 894 1414 963 arcipirata
1450 895 1624 949 factus
1663 899 1758 949 est.

283 966 480 1019 Postea
535 968 688 1034 pater
735 983 959 1035 peregre
1009 965 1282 1034 profectus
1330 969 1516 1034 captus
1566 970 1646 1020 est
1694 965 1759 1018 ab

285 1054 348 1089 eo
388 1039 442 1088 et
477 1036 729 1089 remissus
767 1036 825 1088 in
861 1036 1106 1104 patriam.
1158 1035 1368 1088 abdicat
1405 1036 1592 1088 filium.
1785 1055 1824 1086 10

87 1142 115 1190 1
249 1137 476 1188 ALBVCI
517 1134 654 1187 SILI.
717 1133 799 1187 De
837 1133 1002 1186 fratre
1039 1151 1138 1186 nec
1177 1134 1410 1186 iudicare
1449 1134 1619 1187 audeo
1657 1152 1756 1187 nec

141 1206 317 1274 loqui:
365 1222 475 1257 uno
513 1204 732 1257 nomine
770 1205 893 1272 <ei>
931 1208 984 1257 et
1021 1205 1220 1273 gratias
1267 1221 1368 1274 ago
1409 1208 1462 1257 et
1499 1205 1757 1274 gratulor,

141 1276 287 1345 quod
346 1277 554 1344 patrem
610 1292 821 1327 seruare
883 1275 1063 1343 potuit
1123 1274 1261 1326 mori
1321 1275 1511 1327 iussus.
1586 1274 1759 1327 Tanta

138 1347 457 1415 tempestate
505 1345 758 1399 confusus
804 1362 979 1413 neque
1027 1345 1307 1397 aestimare
1347 1345 1634 1414 quicquam
1669 1362 1758 1397 ne-

142 1434 246 1486 que
283 1415 541 1485 dispicere
579 1416 749 1484 potui.
824 1415 989 1467 Plura
1025 1415 1126 1467 tibi
1164 1415 1404 1483 crimina,
1441 1418 1609 1484 pater,
1648 1414 1756 1468 for·
1782 1433 1823 1465 15

140 1491 276 1540 tuna
310 1490 398 1540 tor
437 1489 625 1555 uente,
675 1504 836 1555 quam
875 1503 1011 1554 quae
1048 1485 1246 1538 uideris
1284 1487 1397 1554 ipse
1446 1503 1630 1553 nosse,
1679 1486 1759 1538 in-

141 1557 346 1611 dicabo.
463 1558 670 1610 olutum
708 1556 842 1609 mihi
879 1556 1100 1609 fratrem
1148 1555 1428 1609 tradideris
1467 1574 1537 1610 an
1574 1556 1758 1626 alliga-

139 1631 256 1681 tum
311 1627 519 1681 nescio:
577 1630 839 1696 quantum
886 1627 953 1680 ad
999 1644 1178 1680 meum
1224 1630 1498 1696 stuporem
1546 1626 1756 1695 attinet,

141 1699 305 1752 etiam
366 1698 553 1769 fugere
609 1697 812 1767 potuit3
874 1715 972 1751 nec
1028 1698 1155 1750 satis
1217 1698 1592 1765 memineram,
1648 1697 1756 1749 tale

140 1769 536 1837 <ministerium
590 1768 724 1820 mihi
780 1772 932 1837 pater
987 1786 1056 1820 an
1110 1785 1345 1821 nouerca
1399 1767 1755 1835 mandasset>,
1779 1784 1820 1817 20

140 1840 499 1893 ministerium
549 1857 620 1891 an
663 1854 895 1907 poenam
942 1856 1054 1891 esse
1109 1838 1406 1907 uolufliisset,
1462 1837 1757 1891 uindictam

141 1928 213 1964 an
265 1909 626 1979 parricidium.
699 1909 850 1962 Insui
899 1909 1070 1962 culleo
1126 1908 1349 1961 fratrem
1403 1907 1592 1961 iubes?
1646 1926 1760 1961 non

139 1998 383 2049 possum,
422 1984 589 2049 pater.
653 1997 766 2033 non
803 1979 1079 2049 ignoscis?
1137 1997 1207 2031 an
1243 1997 1356 2032 non
1393 1977 1600 2032 credis?
1657 1995 1756 2048 ego

145 2051 413 2104 contendo
461 2069 529 2103 ne
566 2053 620 2103 te
659 2050 873 2119 quidem
921 2068 1103 2118 posse,
1152 2049 1197 2101 si
1236 2050 1354 2118 quis
1400 2049 1500 2102 tibi
1539 2048 1757 2100 dixisset

379 2206 460 2249 fiat

226 2265 247 2303 1
281 2262 439 2304 audite
460 2263 539 2302 ΔΤ
572 2262 729 2304 audite
751 2261 834 2304 fiat
854 2264 888 2302 B
911 2261 925 2314 ΙΙ
951 2264 987 2302 1.
1007 2264 1033 2302 2
1065 2261 1404 2303 controuersias
1436 2263 1535 2300 CTa
1557 2259 1572 2314 ΙΙ
1594 2262 1621 2302 4
1654 2262 1757 2314 qui·

140 2319 241 2361 dem
271 2321 301 2358 0
320 2317 336 2372 ss
358 2320 384 2359 6
414 2318 707 2373 dampnatum
728 2320 760 2358 Τ
781 2317 796 2371 ΙΙ
820 2319 942 2373 patri
963 2319 991 2357 G
1013 2317 1027 2371 ΙΙ
1050 2319 1076 2360 8
1107 2321 1176 2359 est
1196 2330 1274 2359 om.
1295 2319 1327 2357 Τ
1350 2314 1364 2369 ΙΙ
1390 2316 1521 2358 factfi
1550 2321 1621 2358 est
1643 2318 1671 2357 G
1693 2315 1709 2370 11
1731 2319 1756 2358 9

137 2376 271 2417 uerba
302 2378 467 2429 postea
491 2403 502 2416 .
527 2404 537 2415 .
562 2375 796 2428 profectus
827 2375 890 2415 bis
909 2376 1096 2425 scripta,
1126 2375 1277 2426 priore
1307 2376 1399 2415 loeo
1431 2375 1579 2415 addito
1601 2377 1674 2415 est
1695 2375 1723 2413 G
1743 2371 1757 2426 ΙΙ

139 2434 192 2473 10
213 2432 367 2485 patria
398 2429 611 2472 abdicate
631 2430 762 2472 illum
783 2430 828 2479 0,
851 2443 966 2472 corr.
983 2431 1017 2470 E
1040 2428 1055 2483 ΙΙ
1080 2430 1130 2470 11
1163 2429 1266 2471 silli
1296 2430 1326 2469 0
1348 2428 1363 2483 Η
1387 2429 1443 2471 de
1464 2430 1589 2471 frata
1609 2430 1642 2469 B
1664 2427 1680 2482 ΙΙ
1704 2431 1757 2470 12

139 2486 184 2528 ei
213 2489 315 2531 add.
334 2486 489 2538 Burs„
513 2489 587 2541 qui
607 2491 653 2527 et
674 2489 754 2528 del.
778 2485 793 2539 ΙΙ
818 2488 869 2528 13
895 2488 1040 2528 iustus
1063 2489 1091 2526 G
1113 2483 1128 2540 ss
1153 2487 1207 2527 14
1225 2486 1599 2540 nequaestimare
1621 2487 1724 2526 GTa
1742 2483 1756 2538 ΙΙ

139 2545 192 2586 15
215 2543 459 2598 displicere
482 2545 578 2588 cra
610 2543 848 2596 despicere
868 2544 995 2593 E'rb,
1021 2556 1134 2585 corr.
1156 2543 1376 2596 Her-naq„
1398 2543 1528 2588 Burs.
1551 2540 1568 2596 ΙΙ
1596 2541 1755 2583 Plura-

138 2599 227 2642 tini
245 2600 284 2640 A
310 2600 572 2642 Plurantiui
591 2599 624 2639 B
645 2599 787 2640 Plura
809 2600 941 2640 timui
961 2602 1009 2650 Τ,
1029 2613 1144 2642 corr.
1154 2599 1207 2640 N.
1219 2599 1362 2640 Faber
1382 2596 1398 2652 ΙΙ
1423 2600 1489 2640 15.
1513 2600 1566 2639 16
1587 2601 1755 2640 natura

139 2660 384 2709 torquente
415 2657 477 2696 Ta
496 2653 512 2709 ΙΙ
537 2656 588 2696 16
618 2656 775 2697 nescio
805 2656 904 2709 ipse
938 2658 969 2695 Τ
991 2654 1006 2709 ΙΙ
1029 2668 1112 2698 nos
1144 2668 1191 2696 re
1222 2655 1260 2694 A
1292 2654 1308 2708 ΙΙ
1332 2656 1382 2696 17
1416 2654 1582 2697 Solutu
1613 2656 1641 2694 G
1662 2652 1678 2707 ss
1701 2656 1756 2696 20

137 2727 271 2768 uerba
307 2726 612 2767 ministerium
654 2757 664 2767 .
695 2761 704 2770 .
745 2725 1036 2778 mandasset,
1076 2727 1178 2768 add.
1211 2723 1283 2778 Eu
1325 2727 1377 2766 21
1409 2724 1637 2766 uoluisses
1669 2727 1701 2765 Τ
1741 2723 1754 2777 Η

137 2784 192 2823 22
232 2795 292 2824 an
329 2782 574 2835 parricidia
612 2782 661 2822 in
698 2782 995 2835 parricidium
1025 2784 1054 2822 G
1092 2782 1329 2836 parricidii
1361 2793 1419 2822 an
1451 2780 1752 2834 parricidium
1910 2777 1929 2864 ξ

140 2840 175 2879 Ε
197 2836 212 2892 ΙΙ
235 2839 405 2880 fratres
437 2836 578 2891 01123
610 2837 636 2878 a
667 2851 759 2880 non
789 2837 937 2891 31124
969 2838 1078 2892 quid
1109 2840 1138 2878 G
1911 2867 1924 2891 ζ
