1942 3034
106 137 321 192 paean.
495 134 815 178 Exci-:RPTA
846 133 1150 180 com-nov.
1182 134 1300 177 LIB.
1324 136 1379 180 v.
1611 131 1715 185 277

243 262 339 315 bat
397 262 624 315 obstare.
708 278 914 330 pauper
962 259 1213 329 negauit3
1274 258 1424 312 diues
1477 257 1718 312 incendit

244 332 524 402 platanum
563 349 685 384 cum
722 350 830 400 qua
866 334 920 383 et
955 329 1144 383 domus
1181 328 1326 382 arsit.
1389 347 1486 397 pro
1525 330 1716 382 arbore

244 403 532 472 pollicetur
568 401 942 471 quadruplum,
979 418 1077 470 pro
1115 399 1275 453 domo
1313 399 1582 468 simplum.

217 501 496 554 Excitatus
555 499 891 551 flammarum
952 517 1111 568 sono,
1174 498 1479 552 uicinorum
1537 498 1714 567 primo

58 588 80 621 ⁵
102 571 259 624 fidem
297 570 590 640 exploraui.
663 570 844 622 Arbor
887 571 1049 622 ramis
1095 569 1498 622 excurrentibus
1543 572 1714 623 totam

101 642 318 694 domum
366 644 587 693 texerat.
663 639 818 693 ‘Non
854 645 1034 708 potest
1071 640 1304 709 exorari3
1351 639 1714 694 incendatur'.

98 711 199 765 Est
244 711 347 764 hoc
394 711 753 780 inpotentiae,
810 711 925 763 sine
979 712 1087 763 fine
1143 712 1545 780 concupiscere,
1599 712 1716 765 sine

100 782 260 835 modo
296 783 472 835 irasci.
547 781 704 835 ‘Non
751 786 929 850 potest
967 782 1263 851 expugnari
1309 782 1583 851 precibus3
1632 801 1718 835 ex·

99 853 332 923 pellatur
376 852 639 923 ignibus’.
715 852 868 905 Nihil
914 852 1057 904 inter
1100 857 1153 904 te
1201 855 1256 904 et
1300 870 1591 921 pauperem
1637 853 1719 906 in·

37 939 78 971 ιο
100 927 279 991 terest,
317 924 362 976 si
399 925 513 975 iure
550 940 787 994 agamus,
846 922 1030 975 Liceat
1067 926 1121 975 et
1156 941 1446 991 pauperem
1484 922 1718 993 gaudere

98 998 404 1063 prospectu.
453 993 568 1046 Vos
606 993 891 1062 possidetis
928 1010 1088 1061 agros
1126 993 1340 1045 urbium
1365 993 1499 1046 fines
1536 994 1718 1046 urbes-

99 1082 203 1134 que
251 1063 495 1116 domibus
540 1064 802 1133 impletis3
851 1063 996 1115 intra
1033 1063 1276 1116 aedificia
1322 1067 1502 1116 uestra
1547 1064 1717 1118 undas

98 1152 161 1187 ac
216 1152 440 1187 nemora
496 1134 946 1204 conprehenditiS.
1021 1133 1177 1187 Nihil
1230 1134 1429 1187 lautius
1485 1135 1719 1188 occurrit

99 1205 268 1259 oculis
303 1205 412 1258 tuis
450 1223 613 1274 quam
650 1206 836 1258 ruinae
875 1223 1041 1257 meae.
1106 1203 1340 1257 Domum
1376 1205 1585 1274 perdidi
1623 1206 1718 1275 qui

35 1291 78 1325 15
100 1293 278 1329 carere
314 1294 384 1328 ne
421 1277 705 1328 arbuscula
742 1274 957 1344 quidem
994 1277 1254 1344 poteram.
1329 1275 1554 1329 Deliciis
1590 1277 1715 1346 tuis,

99 1345 265 1414 diue8‚
302 1346 644 1398 ardebimus?
694 1345 877 1399 Oculis
915 1346 1166 1415 uoluptas
1194 1347 1252 1398 in
1278 1346 1531 1400 incendio
1559 1365 1717 1416 quae-

98 1417 235 1469 ritur
281 1420 335 1469 et
382 1420 694 1486 prospectus
742 1416 959 1486 ignibus
1005 1417 1290 1469 relaxatur.
1369 1417 1717 1486 ‘Prospectui

100 1487 397 1540 obstabat'.
439 1486 615 1548 Quid?
653 1487 1113 1540 inambulantibus
1150 1488 1309 1540 nobis
1346 1506 1461 1540 non
1498 1489 1718 1542 obstant

98 1574 375 1610 seruorum
422 1557 709 1610 cateruae?
758 1558 975 1610 excitati
1022 1558 1081 1610 in
1126 1558 1445 1611 immensam
1483 1559 1717 1612 altitudi-

31 1643 221 1680 mnem
268 1628 499 1696 parietes
547 1628 721 1681 lucem
767 1646 880 1680 non
925 1629 1265 1697 impediunt?
1320 1629 1548 1683 infinitis
1594 1648 1718 1699 por·

95 1701 271 1751 rectae
298 1699 487 1767 spatiis
514 1699 906 1752 ambulationes
933 1703 987 1752 et
1023 1700 1237 1752 urbium
1265 1700 1380 1753 solo
1407 1701 1716 1754 aedificatae

95 1768 286 1821 domus
331 1787 442 1821 non
489 1787 590 1822 nos
637 1787 805 1838 prope
853 1789 884 1822 a
939 1770 1155 1838 publico
1210 1770 1543 1824 excludunt?
1605 1771 1716 1825 Sub

96 1839 196 1891 hac
233 1839 516 1892 arbuscula
552 1840 890 1909 imaginabar
926 1839 1154 1893 diuitum
1192 1841 1370 1894 siluas,
1443 1840 1715 1904 Quantum

97 1908 303 1978 perdidi
341 1927 500 1978 quem
537 1913 737 1963 fatetur
774 1910 941 1963 iratus
979 1911 1228 1964 inimicus
1263 1912 1385 1980 plus
1422 1911 1715 1981 perdidisse

29 1994 256 2101 ”guam
303 1979 515 2032 uoluit?
587 1979 715 2033 Non
773 1981 1019 2050 iniquum
1068 1982 1309 2050 postulo:
1357 1983 1469 2035 eius
1518 1982 1714 2038 damno

130 2050 304 2103 esinat
340 2050 647 2103 incendium
689 2051 838 2104 cuius
876 2052 1101 2105 consilio
1143 2053 1334 2122 coepit.
1401 2052 1618 2107 Scilicet
1654 2057 1717 2107 ut

95 2119 283 2173 domus
310 2122 328 2190 ss
356 2120 422 2173 ad
460 2121 664 2174 caelum
705 2140 864 2174 omne
902 2140 1192 2176 conuersae
1230 2124 1498 2177 brumales
1536 2128 1716 2178 aestus

95 2189 355 2260 habeant,
405 2193 608 2245 aestiua
654 2193 873 2263 frigora,
914 2198 967 2245 et
1005 2212 1116 2246 non
1163 2194 1272 2246 suis
1321 2195 1532 2248 uicibus
1570 2196 1716 2249 intra

96 2260 320 2314 istorum
366 2266 586 2331 penates
633 2268 824 2334 agatur
871 2282 1062 2333 annue,
1110 2265 1336 2334 <alunt>
1385 2267 1443 2318 in
1492 2267 1714 2319 summis

29 2344 76 2377 ω
97 2330 419 2384 culminibus
456 2333 682 2387 mentita
719 2352 941 2387 nemora
968 2338 1021 2388 et
1056 2336 1448 2405 nauigabilium
1485 2337 1715 2405 piscina-

97 2418 211 2453 rum
250 2402 403 2455 freta.
458 2405 624 2456 Arata
660 2404 932 2474 quondam
971 2406 1185 2475 populis
1211 2425 1337 2459 rura
1374 2408 1715 2478 singulorum

97 2489 240 2524 nunc
278 2474 669 2541 ergastulorum
705 2479 833 2528 sunt
869 2476 1136 2546 latiusque
1176 2477 1323 2530 uilici
1362 2496 1524 2547 quam
1561 2496 1712 2546 reges

96 2542 376 2611 imperant.
428 2544 595 2597 maria
619 2545 870 2613 proiectis
895 2547 1127 2601 molibus
1154 2549 1558 2602 submouentur.
1607 2549 1715 2603 Ne-

0 2767 1 2772 *
206 2714 233 2754 8
265 2725 479 2767 expugna
509 2716 582 2754 1⁸
616 2713 633 2767 u
669 2715 955 2769 expellantur
984 2719 1050 2770 Ι,
1082 2733 1195 2761 corr.
1223 2720 1349 2761 Burs.
1379 2717 1396 2773 ΙΙ
1431 2723 1457 2762 9
1489 2721 1610 2762 inter
1641 2734 1712 2763 me

92 2769 160 2821 Ι,
199 2783 315 2809 corr.
352 2770 402 2814 Ν.
438 2771 599 2820 faber,
643 2770 771 2811 Burs.
821 2771 838 2826 ΙΙ
900 2776 950 2816 13
989 2782 1088 2828 pont
1128 2789 1315 2817 nemora
1346 2778 1418 2818 Hb
1458 2779 1579 2818 addit
1611 2790 1713 2830 pro-

0 2831 1 2835 ’
93 2825 500 2925 ἓξοξῖῧίὶὶιῖὲῦηοο
535 2828 675 2868 ctiam
708 2827 819 2881 11111
854 2831 907 2871 ‘27
939 2831 1113 2872 coelum
1145 2834 1189 2871 11
1211 2831 1227 2886 ΙΙ
1266 2835 1320 2874 29
1351 2833 1483 2874 alunt
1513 2848 1590 2875 om.
1624 2835 1669 2873 1
1698 2831 1713 2886 11
