1936 3100
139 136 377 214 p.22513;³
436 123 1037 201 comnovnsssmnvu
1065 157 1184 200 Lm.
1203 157 1308 199 vn.
1329 160 1357 201 6
1380 155 1486 212 (21).
1652 154 1761 210 349

142 282 435 336 delectatus
459 283 642 350 <est>3
681 300 811 334 nam
847 281 1067 350 quidam
1101 281 1378 351 uirginum
1415 280 1785 336 concubitum'

139 352 258 405 refu
302 353 433 405 'unt.
508 351 736 405 fortasse
783 352 943 405 sciuit
987 351 1136 405 illam
1182 369 1297 405 non
1334 369 1447 404 esse
1484 371 1763 421 passuram

140 427 210 491 et,
251 424 262 433 '
309 422 382 475 ud
407 422 551 492 quod
588 421 819 491 nequam
846 440 1060 491 quoque
1086 440 1271 476 seruos
1307 421 1579 474 interdum
1616 422 1764 493 frugi

140 493 288 562 facit,
326 493 524 546 malam
561 493 839 546 fortunam
875 493 1076 546 timuit.
1151 492 1226 545 Et
1260 492 1402 546 hanc
1438 494 1763 546 sententiam

94 578 118 611 5
142 582 279 631 quae
327 562 484 616 ualde
521 563 831 615 circumlata
868 566 949 615 est
994 563 1213 616 adiecit:
1252 582 1323 616 an
1361 563 1506 616 enim
1541 563 1764 617 furcifer

142 634 362 686 auderet
397 650 518 685 cum
545 632 764 685 domina
790 635 1159 702 concumbere,
1198 634 1304 687 nisi
1339 634 1420 686 illi
1456 637 1611 703 pater
1645 652 1763 704 per-

137 703 411 756 misisset?
449 707 505 756 et
540 702 676 756 illud
713 703 872 756 dixit:
911 703 979 757 ad
1014 703 1133 771 hoc,
1171 707 1339 774 pater,
1378 705 1445 757 ab
1484 705 1646 758 exilio
1684 723 1762 758 re-

139 773 351 826 dieras?
388 774 447 826 in
473 774 693 827 exilium
720 792 777 826 er
817 792 847 827 o
870 774 999 843 quid
1025 774 1302 845 fugimus?
1352 774 1560 828 BVTEO
1588 776 1764 830 uoluit
1782 775 1847 823 16

138 841 310 897 uideri
347 862 405 897 re
431 863 560 897 uera
582 848 762 897 mente
811 863 1001 914 apsum
1027 850 1255 914 patrem,
1283 849 1338 899 et
1359 847 1418 898 in
1442 846 1760 900 narratione

75 929 116 960 ¹0
138 915 242 968 hoc
290 914 448 967 dixit:
496 933 657 983 quam
704 919 939 968 maestus
994 916 1147 968 uenit
1196 915 1414 969 domum
1463 917 1531 969 ab
1585 916 1760 971 edicto

136 986 380 1054 tyranni!
421 989 682 1054 quantum
707 986 765 1038 in
804 986 926 1038 sinu
963 985 1105 1038 filiae
1131 986 1307 1038 fleuit!
1345 989 1479 1054 puto
1507 986 1602 1039 illo
1628 990 1762 1040 tem·
1836 1027 1842 1029 s

103 1108 106 1111 ,
136 1059 545 1178 Ρὲἔξῃωεέῐθῑᾳ
577 1073 690 1107 esse
730 1073 1095 1178 cffcqssam‘d
1126 1055 1352 1136 V4R1vs
1382 1056 1759 1181 GEMletrstge

137 1144 170 1178 a
317 1144 384 1178 en
433 1143 466 1178 a
502 1143 601 1178 810:
654 1143 754 1178 con
818 1144 1023 1178 mlnare
1098 1145 1337 1179 ommam
1375 1145 1526 1180 suam
1565 1146 1593 1180 e
1742 1159 1760 1168 -

136 1196 265 1249 here
304 1196 362 1248 in
400 1195 589 1249 cellam
627 1214 741 1249 non
779 1200 860 1249 est
897 1215 1071 1249 ausus
1135 1197 1241 1249 nisi
1278 1197 1420 1251 forte
1456 1197 1561 1251 hoc
1598 1200 1758 1252 modo

77 1281 118 1312 15
139 1267 311 1319 mauis
365 1285 605 1319 narrem:
662 1267 770 1320 iam
825 1271 956 1320 tunc
1011 1286 1224 1336 sperare
1282 1268 1481 1321 sororis
1542 1269 1784 1338 nuptias.

137 1341 400 1406 coeperat.
452 1339 503 1389 A
529 1339 888 1406 partepatris
924 1339 1098 1407 magis
1136 1338 1449 1392 defensione
1487 1357 1622 1408 opus
1648 1358 1763 1393 esse
1781 1351 1844 1398 17

137 1406 348 1461 dicebat
384 1407 587 1460 LATRO
627 1427 787 1476 quam
836 1410 1031 1462 colore.
1106 1408 1335 1462 VAmvs
1375 1409 1646 1464 GEvas
1684 1410 1763 1463 fa-

136 1482 282 1530 ctum
320 1479 497 1547 ipsum
535 1477 798 1531 defendit:
839 1496 1066 1548 magnos
1092 1479 1239 1532 uiros
1262 1480 1467 1548 fecisse,
1507 1484 1568 1533 ut
1603 1481 1763 1534 liber-

136 1549 280 1601 tinas
318 1567 511 1601 uxores
548 1548 819 1602 ducerent.
895 1549 967 1602 M.
1009 1550 1143 1603 Cato
1154 1592 1168 1617 ,
1207 1550 1411 1619 inquit,
1459 1551 1640 1604 coloni
1677 1552 1761 1605 sui

0 1627 1 1644 ¹
71 1632 115 1663 ²0
136 1618 302 1671 filiam
329 1619 483 1671 duxit
508 1637 748 1672 uxorem.
790 1619 901 1672 ‘sed
926 1620 1255 1690 ingenuam’.
1304 1622 1629 1690 respondeo:
1669 1622 1762 1675 sed

137 1688 298 1742 Cato:
336 1690 458 1758 plus
496 1690 722 1742 interest
757 1690 901 1743 inter
935 1709 1022 1743 me
1049 1695 1104 1743 et
1130 1690 1393 1744 Catonem
1419 1710 1581 1760 quam
1618 1693 1761 1746 inter

136 1759 391 1812 libertum
417 1764 471 1813 et
497 1761 765 1813 colonum.
815 1760 986 1823 Quam
1023 1761 1194 1814 multa
1219 1762 1500 1815 commoda
1537 1763 1762 1817 haberet

136 1830 405 1883 subiectus
455 1834 509 1883 et
565 1832 865 1900 obsequens
923 1832 1164 1885 maritus,
1238 1851 1350 1885 non
1399 1834 1758 1901 petulantiam

136 1900 374 1968 timebit,
413 1918 525 1953 non
562 1901 849 1954 uerborum
887 1902 1294 1971 contumeliam,
1333 1921 1447 1956 non
1482 1905 1758 1975 paelicem,

18 2016 24 2022 .
72 1984 115 2016 25
135 1988 249 2024 non
304 1971 602 2039 repudium.
663 1971 829 2024 filiam
867 1990 1039 2025 meam
1078 1973 1224 2026 domi
1274 1991 1484 2043 semper
1521 1974 1758 2045 habeb03

17 2036 23 2044 ’
173 2059 298 2094 uam
323 2059 387 2094 eo
425 2042 599 2112 magis
625 2041 882 2111 desidem,
922 2042 1067 2112 quod
1104 2043 1235 2096 adeo
1263 2043 1354 2096 diu
1393 2045 1460 2096 ab
1496 2045 1591 2098 illa
1628 2046 1757 2100 afui.

190 2110 343 2164 einde
381 2111 584 2165 factum
623 2113 801 2166 liberti
840 2113 1097 2166 laudauit.
1157 2116 1454 2167 ALBvclvs
1495 2118 1548 2168 et
1583 2116 1759 2186 philo·
1780 2126 1844 2174 18

136 2182 394 2251 sophatus
440 2187 545 2251 est3
600 2182 737 2236 dixit
782 2185 1055 2237 neminem
1111 2189 1299 2237 natum
1346 2185 1574 2238 liberum
1627 2205 1758 2256 esse,

136 2253 406 2306 neminem
455 2271 698 2322 seruum3
748 2254 879 2308 haec
925 2259 1115 2324 postea
1151 2256 1374 2308 nomina
1412 2257 1640 2327 singulis
1679 2258 1758 2311 in-

73 2335 115 2368 30
139 2323 376 2390 posuisse
431 2323 722 2378 fortunam.
798 2325 1070 2395 Denique,
1128 2327 1329 2395 inquit,
1389 2327 1490 2380 scis
1548 2331 1602 2381 et
1657 2348 1758 2383 nos

255 2510 274 2547 1
310 2507 596 2550 delectactus
625 2508 697 2563 ΒΙΙ
727 2514 798 2552 est
827 2513 928 2553 add.
961 2512 1119 2557 Sclmlt,
1153 2513 1169 2567 ΙΙ
1212 2515 1238 2555 ἦ
1268 2516 1449 2568 quidam
1482 2518 1512 2557 0
1554 2513 1570 2568 ΙΙ
1611 2517 1636 2557 2
1670 2517 1759 2557 scit

139 2563 170 2602 0
209 2562 225 2615 ΙΙ
266 2566 291 2604 4
324 2564 446 2604 mala
475 2565 509 2605 Β
549 2562 567 2618 fl
606 2569 632 2607 5
663 2578 723 2607 an
755 2579 856 2608 eum
886 2569 955 2608 Aa
993 2567 1010 2622 ΙΙ
1059 2570 1258 2624 surgifer
1287 2573 1316 2611 0
1356 2570 1372 2626 ΙΙ
1403 2575 1425 2614 7
1460 2572 1677 2613 rediebas
1709 2573 1755 2621 0,

136 2634 252 2660 corr.
287 2620 444 2662 Scluat.
469 2619 486 2674 ΙΙ
526 2623 552 2663 8
587 2623 611 2662 fi
643 2635 696 2663 ex
728 2621 858 2664 illum
888 2627 950 2664 Ta
977 2623 994 2679 ΙΙ
1037 2626 1214 2670 Butheo
1245 2629 1278 2668 B
1311 2626 1327 2681 ΙΙ
1368 2631 1394 2670 9
1427 2629 1652 2682 lampsum
1681 2630 1715 2670 Β
1744 2627 1759 2681 ΙΙ

136 2681 268 2728 patre
300 2677 337 2716 Δ
359 2675 375 2729 fl
398 2678 662 2719 narratione
693 2676 759 2731 Cu
793 2682 844 2721 10
874 2680 1040 2722 educto
1071 2683 1105 2722 Β
1136 2682 1143 2736 Ι
1175 2686 1227 2726 14
1259 2685 1406 2726 cellea
1438 2686 1467 2725 G
1488 2684 1504 2739 ΙΙ
1529 2687 1581 2727 16
1614 2687 1758 2728 sorori

139 2732 215 2786 Δί]
258 2734 309 2774 18
341 2746 535 2785 magnus
567 2735 596 2774 0
624 2732 641 2788 ΙΙ
682 2740 727 2776 te
759 2735 807 2786 0,
840 2749 909 2778 me
940 2736 1100 2780 Scleult.
1134 2738 1217 2793 120
1249 2742 1555 2796 respondeam
1587 2744 1620 2782 Τ
1657 2740 1673 2796 ΙΙ
1702 2745 1757 2784 23

138 2790 383 2830 maturitas
413 2789 482 2842 013
505 2794 558 2831 2⁸3
590 2791 735 2833 habeo
766 2790 819 2843 0,
850 2806 964 2838 corr.
999 2794 1046 2838 0.
1082 2795 1189 2838 Ialm
1212 2795 1228 2850 ΙΙ
1259 2799 1314 2839 26
1344 2799 1462 2840 abeo
1497 2795 1667 2852 [habeo
1698 2796 1753 2852 A]

137 2844 246 2886 diua
277 2845 359 2887 illa
392 2846 477 2887 fide
510 2847 615 2888 inde
649 2847 695 2898 0,
726 2860 841 2890 corr.
876 2848 1032 2891 Schule.
1055 2849 1071 2904 u
1096 2854 1150 2894 28
1181 2853 1325 2895 latum
1359 2857 1388 2894 G
1418 2859 1574 2896 natum
1607 2857 1640 2895 Τ
1680 2864 1756 2895 na·

17 2923 22 2954 2
45 2918 49 2923 ·
137 2906 241 2943 tura
272 2902 307 2942 Β
328 2901 344 2956 ΙΙ
367 2905 420 2943 29
453 2905 606 2957 posita
639 2906 668 2943 c
689 2902 706 2958 ss
729 2905 1007 2958 inposuisset
1042 2908 1142 2948 c‘ra
