1942 3034
199 145 305 199 238
357 203 377 207 „⁷
729 144 958 187 ANNAEI
988 143 1260 187 SENECAE
1605 159 1647 199 p.
1664 147 1746 188 356
1763 147 1816 188 B.

565 325 644 394 <O
659 323 940 380 ONTRO
956 323 1273 397 VERSIA
1315 324 1456 395 VI.)

542 441 744 484 PATER
781 442 860 482 ET
901 439 1103 481 F1L1vs
1143 440 1489 482 vavfflosr.

206 566 433 628 Quidam
469 566 776 618 luxuriante
812 565 926 619 filio
963 546 1225 618 luxuriari
1263 565 1455 634 coepit.
1519 566 1819 619 Accusatur

346 656 378 689 a
413 636 525 689 filio
565 636 881 690 dementiae.
958 634 1306 690 Contradicit.

309 737 609 788 Accusator
642 753 791 787 meus
837 735 981 787 intra
1018 753 1072 787 se
1111 735 1408 787 contrarios
1447 734 1686 787 adfectus
1724 735 1815 787 ha·
1838 747 1860 778 5

202 806 320 858 bet:
372 805 552 874 cupit
567 822 719 858 reum
757 805 1022 874 damnari,
1071 806 1274 858 crimen
1319 805 1542 857 absolui.
1599 803 1723 858 ‘Sed
1758 809 1818 857 tu

205 894 367 929 senex
412 877 560 945 <es>’
565 919 578 944 ‚
627 876 833 944 inquit3
886 876 990 929 hoc
1039 875 1195 928 dicis.
1241 876 1454 927 luxuria
1508 878 1603 927 tua
1650 876 1817 927 serius

206 946 407 1015 coepit,
472 947 630 999 citius
692 946 912 999 desinet.
1000 944 1227 1007 Quidam
1289 964 1555 998 summum
1615 946 1819 999 bonum

207 1017 458 1069 dixerunt
504 1017 855 1085 uoluptatem.
929 1016 1083 1069 Nihil
1129 1019 1210 1069 est
1255 1016 1389 1068 mihi
1437 1034 1570 1084 opus
1617 1017 1819 1085 praeci-

203 1087 503 1156 pientibus,
548 1087 720 1140 habeo
760 1087 1078 1156 exemplum.
1155 1086 1379 1140 Ostendi
1415 1086 1514 1138 tibi
1551 1087 1816 1139 luxuriam
1843 1100 1883 1131 ιο

137 1182 141 1186 ’
205 1176 366 1226 quam
414 1158 474 1210 in
508 1159 562 1210 te
612 1176 726 1210 non
770 1158 1004 1210 uidebas
1081 1157 1410 1210 Ebrietatem
1458 1158 1599 1225 patri
1638 1157 1817 1210 obicis

205 1228 397 1280 ebrius,

310 1298 441 1351 Pars
481 1298 663 1350 altera.
715 1298 1044 1350 Adulescens
1081 1298 1388 1350 luxuriosus
1412 1301 1612 1366 peccat,
1654 1316 1814 1350 senex

203 1369 508 1421 luxuriosus
556 1369 772 1421 insanit.
846 1368 1020 1421 Nemo
1070 1369 1205 1421 uitia
1243 1368 1369 1436 quia
1407 1367 1521 1421 odit
1557 1368 1813 1421 imitatur.

205 1440 323 1507 quis
378 1439 671 1507 imperator
719 1440 787 1491 ob
843 1439 946 1491 hoc
995 1439 1108 1507 ipse
1166 1439 1228 1491 de
1275 1439 1481 1507 proelio
1534 1438 1702 1508 fugit,
1757 1442 1818 1491 ut
1841 1450 1881 1483 15

202 1510 340 1562 bene
390 1513 660 1579 pugnaret
710 1509 1014 1562 exercitus?
1086 1509 1215 1563 Non
1275 1513 1483 1562 coercet
1535 1509 1670 1562 uitia
1726 1509 1818 1578 qui

202 1584 482 1649 prouocat.
557 1579 734 1632 Meam
774 1598 986 1649 quoque
1024 1580 1291 1632 luxuriam
1337 1580 1479 1648 patri
1517 1579 1815 1659 imputabo.

203 1669 317 1704 non
355 1651 453 1703 sub
491 1668 678 1703 seuera
718 1651 794 1702 fui
833 1650 1139 1719 disciplina,
1187 1669 1300 1703 non
1338 1650 1435 1702 sub
1482 1650 1619 1702 bene
1667 1650 1817 1702 insti-

203 1724 350 1774 tutae
389 1721 577 1774 domus
615 1722 751 1791 lege,
791 1739 925 1789 quae
963 1725 1145 1789 posset
1191 1720 1547 1774 adulescentis
1585 1720 1817 1773 formare

203 1809 380 1844 mores
428 1794 482 1844 et
528 1810 560 1843 a
618 1792 767 1844 uitiis
822 1792 1011 1844 aetatis
1058 1791 1335 1844 abducere.
1413 1789 1815 1853 Quodammodo
1841 1802 1882 1833 20

205 1862 271 1914 ad
319 1862 586 1914 luxuriam
623 1881 655 1914 a
690 1865 842 1930 patre
888 1862 1211 1930 praemissus
1259 1880 1391 1914 sum
1467 1860 1688 1914 Madent
1723 1879 1818 1913 1111-

203 1936 407 2002 guento
447 1933 567 1984 cani
594 1935 648 1984 et
686 1935 1069 1985 commessator
1106 1950 1268 1985 senex
1293 1931 1431 1984 nulli
1468 1932 1628 1984 nimis
1667 1931 1817 1984 luxu-

203 2003 394 2072 riosuS‚
433 2002 525 2055 sed
560 2021 752 2071 parum
796 2021 956 2056 sanus
994 2003 1221 2056 uidetur.
1252 2004 1269 2072 ΙΙ

554 2211 1262 2281 <CONTROVERSIA
1300 2211 1477 2278 VII.)

601 2327 990 2369 PEREGRINVS
1022 2327 1430 2369 NEGOTIATOR.
1841 2354 1881 2386 25

207 2450 434 2514 Quidam
490 2469 610 2504 cum
664 2451 888 2503 haberet
940 2450 1234 2503 formosam
1290 2469 1535 2519 uxorem,
1590 2468 1812 2531 peregie

345 2520 618 2591 profectus
656 2523 752 2574 est.
827 2521 885 2573 in
933 2521 1186 2574 uiciniam
1223 2522 1462 2573 mulieris
1498 2522 1812 2591 peregrinus

347 2595 612 2645 mercator
648 2591 926 2661 migrauit3
965 2595 1048 2644 ter
1084 2592 1233 2644 illam
1271 2592 1565 2661 appellauit
1602 2591 1664 2644 de
1704 2594 1811 2643 stu-

346 2779 374 2818 4
412 2778 658 2818 dimentiae
698 2779 771 2817 Ma
810 2775 825 2830 ΙΙ
876 2779 900 2817 7
942 2790 989 2817 es
1028 2779 1129 2821 add.
1170 2777 1362 2818 Bursian
1399 2791 1456 2818 ex
1494 2790 1536 2828 p.
1579 2776 1683 2827 216,
1729 2776 1748 2814 1
1800 2772 1814 2829 Η

208 2837 259 2876 13
293 2834 564 2875 adolescens
594 2837 668 2874 Ma
689 2832 704 2887 ΙΙ
730 2835 781 2874 15
814 2833 901 2874 fuit
932 2835 1007 2873 Ma
1036 2831 1050 2887 ΙΙ
1084 2835 1135 2874 16
1169 2834 1325 2887 quiqui
1356 2836 1400 2873 Μ
1421 2832 1436 2887 ΙΙ
1461 2834 1511 2874 19
1544 2831 1815 2872 adolescen-

206 2892 266 2931 tis
297 2892 372 2930 Ma
393 2889 408 2944 ΙΙ
430 2892 484 2932 20
514 2891 694 2932 abduce
726 2892 799 2930 Ma
