1942 3034
123 135 167 176 p.
190 123 272 165 130
293 122 343 163 B.
460 116 1064 163 CONTROVERSIARVM
1092 117 1213 160 LIB.
1233 117 1294 159 11.
1327 119 1349 158 1
1373 115 1452 172 (9).
1631 114 1735 168 169

122 246 282 299 dixit:
322 243 452 314 quid
475 244 553 296 sic
588 242 723 295 mihi
759 242 940 295 illudis
972 245 1250 310 tamquam
1286 241 1515 294 unicus?
1554 242 1739 295 etiam-

121 334 266 370 nunc
303 316 476 367 filium
510 314 701 366 habeo,
753 313 922 366 Venit
957 312 1024 366 ad
1048 329 1134 365 me
1160 315 1215 364 et
1250 311 1350 364 ait:
1388 311 1549 364 redde
1576 330 1737 381 quem

123 386 360 440 educasti
397 385 558 438 mihi:
606 384 652 436 si
690 383 958 437 emendati
993 382 1200 436 fuerint
1235 382 1426 450 <liberi
1464 382 1596 450 mei,
1643 382 1739 435 ha-

123 459 260 511 bebo
323 457 467 509 hunc
522 472 643 507 cum
698 454 833 523 illis;
898 454 943 507 si
997 453 1496 523 perseuerauerint>
1541 453 1739 521 furere,

79 548 101 580 5
124 528 334 581 habebo
383 526 527 578 hunc
573 542 671 592 pro
718 524 841 577 illis.
916 524 1202 593 Temptaui
1249 524 1431 577 statim
1485 523 1738 576 reducere
1827 583 1830 587 ,

122 599 275 651 illum
331 597 389 648 in
444 595 675 666 gratiam
731 612 852 648 cum
907 594 1060 647 filiis:
1117 595 1560 663 intempestiuum
1607 597 1737 646 erat.

121 666 387 736 temptaui
423 683 615 736 cogere
652 665 1015 718 subtrahendo
1053 683 1256 718 meum:
1295 683 1380 719 res
1420 664 1574 718 ondit
1606 667 1739 717 tam-

124 756 284 808 quam
331 755 444 790 non
500 736 672 806 possit
718 735 875 789 diuiti
923 736 1103 789 deesse
1157 735 1315 788 filius.
1430 749 1529 788 ILO
1578 734 1826 791 dixitz32

124 809 383 876 ‘amicus’,
405 809 463 860 in
503 807 599 874 uit,
621 806 1010 860 ‘abdicatorum
1029 813 1184 859 sum’.
1226 807 1355 875 quid
1375 805 1545 877 ergo?
1566 805 1740 858 mauis

58 899 101 932 10
124 879 403 933 inimicum
439 896 472 931 a
509 877 697 946 optet?
744 878 790 930 si
827 877 1114 930 intraueris
1152 876 1386 945 domum,
1424 876 1632 930 uidebis
1670 894 1741 929 an

123 950 290 1019 aliqui
327 949 568 1002 animum
604 949 772 1017 patris
797 966 829 1000 a
854 948 979 1000 filiis
1018 951 1284 1000 auertant.
1326 948 1392 1000 ‘si
1427 946 1739 1014 reduxerit'‚

123 1021 328 1090 inquit,
366 1019 509 1072 ‘illos
520 1060 535 1086 ‚
574 1017 703 1087 quid
740 1019 898 1087 (me)
935 1017 1087 1070 fiet’?
1136 1018 1282 1086 capit
1328 1017 1511 1070 diuitis
1551 1017 1741 1070 domus

123 1097 177 1145 et
214 1093 470 1160 quattuor
506 1089 719 1142 liberos
795 1089 840 1141 si
877 1092 930 1142 te
969 1089 1051 1141 illi
1087 1088 1312 1141 fratrem
1349 1088 1740 1159 grauabuntur,

124 1161 474 1215 libentissime
520 1160 791 1228 recipiam.
867 1160 942 1212 sic
980 1159 1044 1212 de
1090 1177 1175 1212 me
1214 1158 1364 1212 diues
1410 1158 1632 1227 meruit,
1680 1161 1744 1211 ut

58 1251 102 1285 ιε
124 1233 203 1286 illi
259 1234 385 1300 <et>
445 1230 571 1284 dare
626 1230 799 1283 filium
854 1234 1075 1299 paratus
1133 1230 1235 1282 sim
1285 1233 1338 1283 et
1385 1229 1741 1283 commodare.

54 1342 62 1349 .
125 1302 409 1357 BLANDVS
447 1302 554 1355 hoc
590 1301 770 1354 colore
807 1301 936 1370 egit,
974 1304 1035 1353 ut
1060 1300 1261 1353 diceret
1298 1300 1522 1353 diuitem
1559 1300 1743 1353 inexo-

124 1373 349 1426 rabilem
386 1372 569 1425 liberis
606 1389 736 1424 esse.
764 1371 967 1424 ‘omnia
1004 1389 1060 1424 se
1098 1371 1304 1441 fecisse,
1342 1374 1404 1424 ut
1438 1371 1595 1423 illum
1631 1370 1743 1439 pla-

126 1449 298 1512 caret3
346 1442 517 1496 uideri
555 1460 669 1495 esse
705 1458 929 1512 magnas
967 1459 1152 1495 causas
1191 1445 1245 1495 et
1290 1459 1510 1513 graues3
1558 1442 1742 1510 itaque

127 1521 328 1568 certam
374 1513 613 1566 futuram
660 1512 1024 1582 adoptionem.
1111 1511 1280 1566 OTHO
1327 1512 1531 1566 IVNIVS
1587 1515 1743 1581 pater
1760 1513 1828 1562 33

59 1602 105 1639 no
126 1584 333 1639 solebat
379 1582 626 1636 difficiles
672 1584 1068 1637 controuersias
1123 1583 1263 1636 belle
1310 1582 1502 1652 dicere,
1541 1600 1629 1636 eas
1683 1582 1744 1635 in

125 1656 320 1726 quibus
392 1654 534 1707 inter
594 1654 868 1707 silentium
931 1657 985 1707 et
1040 1653 1493 1724 significationem
1565 1652 1742 1706 medio

51 1758 60 1765 ·
123 1735 234 1780 tem
251 1729 564 1795 peramento
616 1743 750 1794 opus
807 1727 936 1778 erat.
1013 1724 1180 1778 edidit
1225 1724 1441 1794 quidem
1487 1727 1745 1794 quattuor

126 1797 293 1849 libros
332 1795 590 1863 colorum,
629 1813 765 1865 quos
801 1795 939 1848 belle
961 1795 1191 1848 GALLIO
1228 1799 1413 1849 noster
1437 1794 1744 1863 Antiphon-

124 1867 195 1920 tis
231 1866 398 1919 libros
445 1867 698 1920 uocabat:
744 1870 958 1919 tantum
1004 1866 1062 1918 in
1109 1866 1217 1919 illis
1263 1867 1598 1920 somniorum
1646 1867 1742 1918 est.

241 2026 262 2064 1
302 2024 342 2064 si
373 2023 484 2065 mihi
515 2026 618 2064 01⁸⁸
645 2023 661 2076 ΙΙ
702 2025 795 2065 etiz‘i
825 2025 853 2065 c‘
883 2024 916 2063 B
947 2023 963 2076 ΙΙ
992 2025 1017 2064 2
1049 2024 1159 2065 abeo
1191 2026 1289 2064 στα
1323 2021 1339 2077 ΙΙ
1376 2025 1401 2066 3
1433 2023 1641 2065 edecasti
1671 2024 1700 2062 c

127 2079 361 2122 emendati
396 2083 518 2122 erint
548 2081 702 2121 furere
736 2080 790 2130 0,
828 2085 1120 2133 supplementa
1150 2081 1440 2133 praebuerunt
1471 2079 1701 2133 Excerpta

126 2137 153 2178 5
183 2138 422 2190 temptatis
444 2138 545 2177 (ἔτι
565 2134 582 2189 Ε
606 2136 769 2178 redure
792 2138 820 2176 c
842 2135 857 2190 n
879 2138 905 2178 6
937 2136 1024 2178 filis
1044 2136 1475 2190 intempestatiuum
1496 2137 1527 2176 0
1548 2134 1564 2190 ΙΙ
1587 2139 1612 2179 7
1635 2149 1746 2190 quo·

126 2205 232 2235 cere
263 2193 417 2234 amar
479 2205 640 2235 uouere
672 2194 754 2243 Ba,
788 2207 902 2235 corr.
933 2194 1105 2245 Haase,
1144 2194 1275 2235 Burs.
1309 2205 1489 2247 quoque
1524 2194 1654 2236 Gron.
1687 2206 1745 2235 cm

125 2248 435 2303 aliquotiens?
509 2249 823 2292 subtrahendi]
848 2263 950 2291 eum
978 2251 1024 2302 0,
1057 2261 1172 2293 corr.
1207 2250 1336 2293 Burs.
1359 2248 1375 2303 ΙΙ
1398 2253 1439 2292 7.
1463 2251 1489 2292 8
1521 2263 1610 2292 non
1632 2257 1745 2291 tam-

128 2318 263 2359 quam
297 2309 445 2360 possit
474 2306 521 2359 0,
553 2320 667 2348 corr.
692 2307 823 2348 Bure.
847 2305 864 2360 fl
895 2309 922 2349 8
953 2306 1142 2349 decesso
1174 2306 1288 2361 0119
1319 2308 1492 2348 amicos
1523 2309 1556 2347 Τ
1577 2304 1593 2360 ΙΙ
1618 2306 1745 2349 abdi·

129 2367 321 2404 cetum·
342 2375 439 2404 eum
471 2362 507 2403 B
535 2362 908 2405 abdicaturusum
930 2364 967 2404 A
999 2364 1301 2406 abdicatusus
1324 2376 1421 2405 sum
1443 2365 1491 2415 Τ,
1523 2377 1639 2406 corr.
1672 2363 1744 2405 W.

129 2417 302 2468 Μωὶεν,
334 2418 561 2461 abdicatis
583 2432 681 2462 sum
713 2420 766 2461 N.
787 2421 964 2474 Madvig
985 2418 1001 2474 ΙΙ
1031 2421 1179 2475 magis
1210 2422 1240 2460 c
1270 2420 1420 2462 maius
1450 2422 1514 2460 'ra
1534 2418 1550 2474 u
1575 2422 1623 2461 11
1659 2418 1743 2462 ali-

129 2475 287 2527 quiqui
318 2473 458 2529 01⁸⁸!
549 2477 608 2517 tri
637 2477 667 2516 c
687 2475 705 2529 ΙΙ
733 2475 823 2517 filis
853 2478 882 2516 C
903 2475 920 2530 ΙΙ
941 2478 1191 2519 aduertam
1220 2480 1253 2518 Τ
1275 2475 1291 2530 ΙΙ
1314 2476 1554 2518 reduxeris
1584 2477 1622 2516 A
1642 2474 1659 2530 ΙΙ
1691 2476 1743 2517 12

128 2530 236 2571 illos
269 2535 316 2571 ct
347 2530 453 2584 qnid
517 2536 565 2574 et
594 2532 641 2583 0,
672 2546 787 2575 corr.
816 2533 945 2576 Burs.
979 2534 1142 2587 ecquid
1176 2534 1215 2575 Ι.
1238 2533 1398 2576 Gruter
1440 2532 1456 2586 ΙΙ
1500 2536 1550 2575 13
1583 2538 1631 2575 et
1662 2545 1741 2578 om.

127 2587 198 2639 'tu
225 2589 274 2628 14
308 2586 382 2628 hic
413 2586 482 2640 ⁰ss
511 2587 685 2631 medina
714 2587 789 2642 Au
821 2591 873 2631 15
905 2594 952 2631 et
981 2592 1084 2631 add.
1117 2590 1248 2632 Burs.
1276 2589 1292 2644 ΙΙ
1323 2590 1479 2632 darem
1509 2591 1541 2631 'l'
1562 2588 1578 2643 ΙΙ
1608 2602 1745 2644 para·

126 2644 316 2685 tiasinet
348 2645 376 2684 0
408 2644 700 2697 paratis-ime
732 2647 780 2695 Τ,
811 2658 926 2689 corr.
947 2647 1111 2695 Haase,
1136 2646 1266 2688 Burs.
1301 2647 1457 2689 darem
1492 2647 1521 2691 f.
1546 2647 1745 2700 paratis-

127 2700 240 2742 time
281 2707 327 2742 et
358 2699 688 2742 commodarem
719 2701 878 2744 solinu.
910 2701 927 2756 u
962 2705 1011 2745 17
1044 2702 1256 2757 placei-er
1286 2703 1323 2744 A
1362 2704 1549 2759 placem·
1579 2704 1612 2744 B
1652 2702 1658 2756 Ι
1693 2702 1745 2743 18

126 2755 308 2799 uideret
349 2770 396 2798 se
430 2758 531 2797 cn
569 2756 728 2799 uidere
761 2770 809 2799 ne
839 2759 913 2811 rb,
946 2772 1062 2802 corr,
1098 2761 1249 2802 Haase
1279 2759 1295 2813 ΙΙ
1325 2772 1551 2814 exgraues
1583 2761 1612 2799 c
1653 2757 1659 2811 Ι
1689 2759 1745 2799 20

67 2856 72 2866 l
127 2812 299 2862 dicere,
330 2812 528 2866 (certe)
551 2826 631 2855 eas
654 2816 675 2854 '2
697 2813 713 2866 ΙΙ
735 2815 784 2855 21
820 2822 866 2856 et
897 2816 1125 2859 actionem
1150 2816 1196 2868 0,
1219 2830 1332 2861 corr.
1350 2817 1510 2859 Schult.
1543 2817 1612 2856 lif.
1632 2815 1744 2855 Mul-

126 2869 192 2911 Ier
212 2869 229 2924 Ι
251 2871 306 2911 22
338 2877 449 2922 opat
480 2872 543 2911 ‘ra
563 2870 580 2923 fl
602 2873 655 2912 ’23
687 2870 859 2913 liberos
888 2872 917 2911 c
938 2869 955 2924 11
977 2884 1064 2926 quo
1095 2874 1123 2912 0
1144 2871 1161 2925 ll
1183 2873 1483 2927 Anthipontis
1512 2871 1683 2914 liberos
1715 2872 1746 2911 0
