1936 3100
228 120 334 174 528

227 233 458 275 aedilitate
497 233 547 274 in
583 234 733 287 patria
771 234 980 287 fungere-

227 293 303 330 tur
332 302 519 343 cumque
551 290 668 331 forte
699 290 771 331 ius
795 290 977 342 diceret,

228 346 284 386 ab
322 347 380 388 iis
418 349 579 387 contra
625 359 737 400 quos
783 359 979 399 pronun-

230 402 376 443 tiabat
428 402 622 455 pedibus
678 416 700 443 e
756 401 980 443 tribunali

227 458 464 500 detractus
503 463 585 499 est.
636 458 755 512 quod
792 458 979 511 indigne

228 514 380 556 ferens
433 515 588 556 statim
639 514 875 555 contendit
922 515 980 555 ad

227 574 404 623 portam
441 577 486 613 et
523 571 624 612 inde
662 571 866 623 Romam,
912 583 983 612 re-

228 632 478 680 ceptusque
509 629 558 667 in
588 626 748 668 Planci
787 628 982 669 oratoris

228 683 594 734 contubernium,
642 683 716 724 cui
760 682 983 724 declama-

226 742 331 780 turo
363 753 461 781 mos
499 744 597 780 erat
634 741 757 793 prius
789 739 983 792 aliquem

229 796 309 849 qui
373 799 480 837 ante
535 796 706 837 diceret
765 798 979 847 excitare,

228 853 430 905 suscepit
457 865 532 894 eas
562 856 713 905 partes
748 857 885 905 atque
915 854 981 893 ita

227 907 424 961 inpleuit
453 914 505 951 ut
544 908 718 950 Planco
750 909 983 950 silentium

227 964 480 1017 imponeret
539 979 631 1006 non
694 965 878 1007 audenti
933 966 982 1006 in

230 1022 615 1074 comparationem
652 1033 699 1061 se
734 1022 980 1062 demittere.

230 1077 310 1117 sed
358 1089 413 1118 ex
471 1091 523 1118 eo
582 1078 734 1119 clarus
794 1078 981 1131 propria

229 1133 457 1174 auditoria
521 1134 752 1182 instituit,
814 1134 979 1176 solitus

228 1190 467 1242 proposita
486 1191 798 1231 controuersia
815 1191 978 1232 sedens

228 1245 428 1298 incipere
488 1249 535 1287 et
599 1245 748 1287 calore
806 1247 983 1287 demum

230 1306 473 1354 prouectus
497 1314 768 1354 consurgere
799 1315 853 1342 ac
884 1315 982 1356 per-

230 1370 362 1398 orare
399 1357 479 1409 (=
509 1358 609 1399 Sen.
640 1361 668 1398 G
700 1359 784 1398 VII
816 1373 882 1411 pr.
917 1361 982 1411 1),

228 1413 485 1454 declamare
520 1419 670 1456 autem
708 1426 869 1467 genere
905 1429 982 1456 ua-

229 1470 320 1510 rio:
378 1471 508 1511 modo
567 1470 798 1524 splendide
847 1476 984 1526 atque

231 1526 464 1576 adornate,
488 1531 594 1578 tum,
628 1541 684 1567 ne
704 1541 849 1580 usque
874 1542 982 1582 qua-

231 1594 316 1636 que
354 1582 656 1624 scholasticus
703 1585 984 1626 existimare-

231 1643 328 1687 tur,
361 1639 626 1682 circumcise
657 1654 710 1682 ac
740 1641 916 1682 sordide
939 1645 985 1682 et

231 1699 410 1736 tantum
447 1709 538 1736 non
575 1696 836 1739 triuialibus
885 1709 983 1738 uer-

231 1750 301 1791 bis
353 1751 435 1804 (=
466 1752 565 1792 Sen.
615 1753 703 1794 VII
752 1768 820 1806 pr.
860 1755 983 1804 3.4).

231 1807 325 1860 egit
353 1813 400 1849 et
429 1821 606 1860 causas,
638 1822 789 1851 uerum
819 1811 982 1863 rarius,

230 1863 335 1903 dum
387 1864 712 1918 amplissimam
763 1880 985 1920 quamque

234 1923 440 1961 sectatur
483 1934 566 1962 nec
611 1922 750 1962 alium
793 1924 842 1963 in
890 1923 984 1965 ulla

231 1975 380 2017 locum
403 1990 536 2031 quam
554 1978 804 2031 perorandi.
826 1983 985 2032 postea

233 2034 520 2074 renuntiauit
565 2034 662 2076 foro
710 2036 874 2089 partim
903 2049 983 2089 pn-

233 2088 341 2130 dore
371 2091 537 2142 partim
574 2095 715 2145 metu;
753 2105 856 2133 nam
886 2105 986 2133 cum

231 2144 281 2184 in
318 2145 398 2186 lite
437 2147 629 2200 quadam
669 2149 987 2190 centumuirali

233 2201 521 2255 aduersario,
562 2217 690 2257 quem
719 2208 770 2245 ut
800 2206 987 2258 impium

233 2269 342 2309 erga
371 2264 580 2311 parentes
607 2262 883 2312 incessebat,
914 2262 986 2302 ius

233 2313 478 2355 iurandum
508 2318 641 2369 quasi
680 2329 759 2368 per
795 2317 985 2369 figuram

233 2370 300 2410 sic
330 2371 593 2412 obtulisset:
624 2376 639 2397 θ
650 2373 750 2413 iura
788 2387 869 2426 per
906 2387 984 2426 pa-

234 2426 320 2466 tris
375 2429 623 2482 matrisque
678 2429 850 2471 cineres
909 2430 987 2483 qui

233 2482 459 2525 inconditi
493 2485 685 2533 iacent’,
727 2490 772 2526 et
810 2485 902 2527 alia
937 2487 986 2526 in

234 2538 359 2579 hunc
402 2540 599 2592 modum,
647 2542 893 2594 arripiente
933 2555 985 2583 eo

237 2596 552 2637 condicionem
616 2610 700 2639 nec
761 2599 986 2640 iudicibus

238 2654 587 2704 aspernantibus
604 2667 696 2695 non
715 2655 812 2695 sine
824 2667 987 2708 magna

153 2735 166 2749 .
238 2708 311 2747 sui
339 2708 515 2748 inuidia
548 2711 780 2762 negotium
811 2711 985 2752 afflixit.

239 2760 318 2816 [=
348 2763 447 2806 Sen.
487 2766 576 2807 VII
613 2781 679 2818 pr.
711 2768 796 2808 6.7
844 2767 984 2817 Quint.

238 2819 374 2860 V1111
401 2823 440 2871 2,
453 2820 531 2876 95]
561 2827 605 2863 et
634 2837 791 2865 rursus
828 2824 877 2864 in
912 2837 986 2864 co-

237 2876 442 2927 gnitione
515 2879 668 2921 caedis
739 2880 987 2922 Mediolani

904 121 1109 163 INDEX.

1082 233 1203 287 apud
1236 234 1286 276 L.
1319 234 1525 275 Pisonem
1554 248 1729 289 procos.
1759 235 1832 276 de-

1083 290 1270 331 fendens
1291 303 1434 337 reum,
1465 304 1566 331 cum
1594 292 1833 333 cohibente

1082 347 1244 387 lictore
1320 347 1481 388 nimias
1549 347 1831 388 laudantium

1086 415 1218 444 uoces
1269 403 1335 443 ita
1390 403 1731 454 excanduisset‚
1783 408 1833 445 ut

1084 459 1318 512 deplorato
1349 459 1512 500 Italiae
1550 463 1675 501 statu
1705 461 1834 512 quasi

1081 516 1244 557 iterum
1273 516 1320 556 in
1348 516 1535 556 formam
1571 517 1832 568 prouinciae

1084 573 1364 625 redigeretur
1401 572 1460 615 M.
1500 573 1684 626 insuper
1722 573 1832 614 Bru-

1085 634 1199 681 tum,
1250 629 1379 669 cuius
1424 633 1577 670 statua
1629 629 1695 669 in¹
1729 641 1833 670 con-

1085 690 1247 739 spectu
1267 688 1382 738 erat,
1414 685 1655 726 inuocaret
1684 685 1834 737 legum

1083 755 1136 783 ac
1155 741 1378 782 libertatis
1400 747 1631 782 auctorem
1661 746 1708 782 et
1737 742 1834 782 uin-

1082 798 1250 848 dicem,
1298 810 1440 851 paene
1504 810 1674 850 poenas
1731 797 1832 838 luit.

1083 855 1174 895 iam
1205 858 1355 895 autem
1394 854 1540 894 senior
1578 854 1634 894 ob
1672 854 1833 895 uitium

1084 911 1291 951 uomicae
1364 910 1614 951 Nouariam
1686 910 1834 960 rediit,

1083 971 1425 1019 conuocataque
1486 966 1616 1019 plebe
1682 968 1833 1008 causis

1083 1027 1269 1076 propter
1287 1036 1398 1076 quas
1422 1023 1537 1063 mori
1559 1023 1835 1064 destinasset

1083 1081 1159 1120 diu
1181 1092 1237 1119 ac
1258 1092 1380 1120 more
1404 1079 1715 1120 contionantis
1737 1078 1834 1120 red-

1081 1136 1212 1186 ditis,
1252 1136 1474 1176 abstinuit
1511 1135 1626 1175 cibo.
1659 1135 1832 1176 Sueton.

1080 1195 1133 1233 de
1164 1193 1274 1235 rhet.
1297 1191 1340 1244 6]
1383 1195 1471 1232 eius
1499 1193 1670 1232 dicendi
1702 1205 1834 1243 genus

1083 1250 1326 1289 accuratius
1362 1248 1636 1288 adumbratur
1678 1249 1707 1286 G
1746 1247 1834 1288 VII

1081 1305 1224 1356 praef.
1251 1306 1374 1346 1—9.
1415 1307 1459 1344 in
1482 1305 1660 1356 primum
1691 1305 1831 1344 decla-

1083 1367 1286 1402 matorum
1346 1362 1580 1401 tetradeum
1644 1360 1833 1410 refertur

1083 1417 1126 1457 X
1162 1431 1230 1470 pr.
1262 1419 1329 1460 13.
1389 1415 1504 1457 illud
1539 1415 1706 1457 Albuci
1744 1416 1834 1456 uti-

1084 1487 1170 1526 que
1231 1474 1430 1515 Graecos
1500 1473 1745 1525 praeminet
1811 1473 1834 1513 I

1081 1534 1123 1579 4,
1144 1532 1195 1570 12
1251 1532 1300 1570 A.
1336 1529 1602 1570 fastidiosus
1649 1525 1834 1569 auditor

1085 1599 1238 1627 eorum
1287 1586 1450 1639 quibus
1500 1583 1701 1626 inuidere
1757 1597 1834 1638 po-

1086 1647 1204 1684 terat
1253 1642 1564 1683 admirabatur
1607 1672 1617 1682 .
1652 1672 1661 1681 .
1700 1641 1836 1682 Bassi

1086 1699 1384 1748 sententiam,
1424 1698 1695 1750 uituperabat
1752 1698 1835 1737 La-

1086 1758 1222 1797 tronis
1277 1755 1320 1795 X
1371 1757 1409 1806 1,
1443 1757 1493 1795 13
1570 1754 1620 1798 A.
1671 1755 1834 1805 uitupe-

1086 1818 1206 1853 ratus
1272 1826 1298 1852 a
1358 1811 1507 1852 Cestio
1575 1811 1597 1851 Ι
1648 1813 1687 1861 3,
1716 1811 1833 1850 8.11

1084 1869 1174 1910 VII
1222 1883 1289 1921 pr.
1327 1869 1414 1909 8.9
1471 1881 1498 1907 a
1547 1865 1742 1907 Messala
1790 1865 1836 1906 11

1085 1925 1192 1977 4,8
1258 1939 1286 1965 a
1344 1922 1516 1965 Seneca
1555 1923 1576 1962 I
1626 1925 1732 1974 5,9
1793 1924 1834 1963 X

1087 1983 1125 2033 l,
1151 1983 1204 2021 14
1247 1979 1424 2022 solebat
1454 1980 1549 2021 fere
1578 1980 1627 2020 in
1655 1978 1833 2031 aliquas

1085 2037 1256 2090 figuras
1286 2037 1657 2077 declamationem
1672 2035 1833 2076 descri-

1086 2095 1193 2135 bere
1238 2094 1285 2134 11
1329 2095 1368 2144 5,
1387 2096 1438 2134 17
1490 2094 1572 2144 (cf.
1615 2093 1638 2132 I
1690 2094 1831 2140 216)

1086 2149 1432 2204 philosophatus
1501 2153 1569 2189 est
1644 2147 1732 2188 VII
1794 2149 1833 2198 6,

1089 2209 1140 2248 18
1203 2202 1280 2259 [A.
1320 2219 1412 2246 non
1463 2205 1680 2246 obscurus
1733 2217 1834 2257 pro-

1089 2263 1232 2303 fessor
1271 2264 1406 2314 atque
1445 2265 1605 2302 auctor
1641 2273 1749 2314 quae
1781 2262 1834 2301 de

1086 2324 1182 2359 arte
1227 2320 1396 2358 dicendi
1444 2319 1638 2358 docuerit
1695 2317 1835 2368 refert

1089 2375 1258 2424 Quintil.
1303 2374 1350 2414 II
1390 2376 1458 2425 15,
1478 2376 1555 2424 36;
1605 2373 1675 2414 111
1713 2376 1754 2425 3,
1784 2375 1832 2422 43

1086 2433 1127 2484 6,
1145 2432 1212 2471 62.

1030 2489 1119 2528 eius
1162 2488 1397 2528 sententiae
1441 2489 1467 2526 S
1507 2489 1611 2538 1‚3;
1651 2487 1758 2537 6,9;
1806 2487 1835 2524 0

1086 2544 1110 2583 Ι
1152 2545 1282 2594 1,10;
1322 2544 1456 2594 2‚18;
1498 2544 1684 2592 3,4.11;
1723 2544 1832 2594 5,9;

1088 2602 1202 2649 7,18
1234 2601 1313 2652 (?);
1351 2601 1460 2650 8,4;

1086 2658 1194 2708 4.6;
1227 2657 1333 2705 5,9;
1393 2655 1481 2695 VII
1513 2657 1700 2706 1,1——3;
1733 2655 1832 2705 2,2.

1089 2713 1617 2763 14;3‚1.3;4,1;5‚4;
1657 2711 1832 2758 6‚6.12.
1903 2747 1906 2749 Α

1554 2767 1687 2807 VIIII
1726 2769 1764 2819 1,
1786 2767 1830 2816 1;
1912 2790 1916 2795 -

1087 2770 1162 2819 223
1217 2770 1322 2818 7,1;
1377 2768 1486 2817 8.1;

1085 2826 1193 2875 2‚6;
1226 2826 1500 2874 6‚7.17.19;
1560 2823 1603 2863 X
1643 2824 1830 2875 1,1.14;

1086 2883 1127 2932 3,
1146 2883 1274 2932 3.15;
1316 2883 1424 2934 4,3;
1466 2882 1588 2932 5,11.

1522 2600 1567 2640 11
1608 2600 1646 2650 1,
1673 2600 1747 2647 29;
1792 2600 1834 2649 4,
1916 2615 1919 2618 s
