1936 3100
0 0 754 72 *52*“*·315Wff5
778 0 1497 53 «fam.=⁴*22,r*ff··³‘
1520 0 1564 47 *gaz
1853 3 1858 5 ·

203 141 338 196 p.25'1
351 139 407 185 B.
439 107 441 109 V
493 138 1100 184 CONTROVERSIARVM
1129 139 1246 182 LIB.
1267 137 1370 181 vn.
1391 142 1418 182 8
1440 139 1549 195 (23).
1718 140 1823 193 363

203 283 330 319 nem
363 282 478 319 non
513 268 696 334 posset
734 265 990 319 occidere.
1046 265 1188 318 Tibi
1226 265 1587 334 consulebam,
1640 284 1710 319 ne
1748 266 1824 319 di·
1894 290 1905 295 ·

204 335 399 388 cereris
434 334 678 390 uitiatori
714 340 900 405 nupta.
950 337 995 389 si
1033 354 1130 405 per
1164 338 1219 388 te
1257 335 1511 404 licuisset,
1550 336 1824 390 honestio-

204 423 319 458 rem
364 406 619 459 maritum
664 406 957 460 habuisses.
1033 406 1116 459 Tu
1162 405 1413 476 negasti?
1462 425 1494 459 o
1545 406 1824 460 hominem

203 475 578 544 inpudentem!
637 477 715 529 ita
750 481 810 530 tu
858 496 971 530 non
1008 481 1133 531 ante
1182 476 1530 546 magistratus
1567 477 1822 545 tribunal,

159 563 180 594 ⁵
203 547 261 599 in
299 550 589 616 conspectu
626 548 841 616 populi,
881 548 939 600 in
976 547 1152 601 medio
1190 547 1311 600 foro
1350 547 1661 600 clamitasti:
1701 551 1822 617 ‘ego

203 616 471 686 uirginem
508 618 744 687 rapui’.‘?
817 618 1106 671 Neminem
1141 618 1339 671 habere
1376 621 1487 670 tam
1527 618 1824 686 obsequen·

200 691 311 739 tem
357 688 613 741 maritum
659 692 840 758 potes:
887 690 977 741 hic
1014 690 1122 742 iam
1167 689 1307 742 nihil
1354 689 1591 759 negabit.
1666 687 1822 741 VARI
1850 694 1882 740 5

202 756 438 811 GEMmI.
494 759 782 828 Exponam
831 760 986 812 uobis
1042 778 1222 812 rerum
1268 758 1511 812 ordinem
1557 759 1634 812 sic
1688 761 1823 811 tam-

201 846 363 951 Zuam
401 829 469 881 ab
507 847 571 883 eo
610 830 902 899 didicerim,
942 831 1035 899 qui
1063 830 1193 899 quid
1229 830 1418 883 feccrit
1453 830 1641 883 nescit.
1682 828 1823 882 VIBI
1910 840 1913 845 '

137 920 178 951 10
253 912 408 951 ALLI.
466 899 576 953 Vbi
615 901 740 953 estis
779 901 871 970 qui
920 900 1200 953 dicebatis:
1251 900 1391 952 nihil
1437 901 1665 953 interest
1710 902 1821 967 tua,

199 970 495 1022 confitere?
532 972 550 1050 Ι]
579 972 867 1024 confitetur
904 971 1031 1039 quia
1067 970 1349 1023 honestius
1373 972 1578 1038 putasti
1613 970 1822 1038 raptori

198 1040 415 1093 nubere.
475 1039 592 1108 (δή,
619 1041 813 1110 inquit,
840 1041 975 1093 mihi
1001 1041 1173 1108 hereS,
1212 1041 1257 1092 si
1296 1041 1416 1109 quis
1454 1040 1599 1092 intra
1637 1039 1821 1092 decem

198 1127 408 1162 menses
444 1114 604 1163 natus
640 1111 844 1164 fuerit’.
907 1111 1171 1180 numquid
1208 1110 1411 1181 negat?
1465 1109 1657 1180 ‘Surge
1695 1109 1822 1163 adu-

198 1180 418 1248 lescem,
463 1181 561 1249 dic,
609 1182 799 1250 ‘rapui,
839 1182 1078 1251 uitiaui’3
1119 1182 1296 1250 incipe
1348 1182 1484 1235 scire
1535 1181 1681 1250 quod
1730 1198 1820 1233 ne—

134 1270 175 1302 15
198 1251 325 1303 scis:
363 1251 574 1305 miraris
613 1253 659 1304 si
696 1253 797 1305 tibi
835 1271 948 1306 non
987 1252 1193 1305 credit?
1231 1252 1464 1305 multum
1491 1256 1572 1304 est
1608 1251 1673 1304 de
1712 1269 1819 1320 quo

195 1321 365 1375 timet.

303 1392 436 1445 Pars
473 1393 658 1446 altera.
721 1393 781 1446 P.
810 1395 1202 1447 ASPRENATIS.
1242 1393 1442 1447 Nescio
1469 1396 1592 1446 utro
1620 1391 1821 1446 iudicio
1849 1401 1881 1448 6

197 1462 533 1516 aduersarius
570 1464 736 1516 fuerit
761 1464 1056 1533 inprobior.
1095 1465 1276 1533 priore
1315 1464 1370 1516 id
1396 1464 1522 1534 egit,
1562 1482 1631 1516 ne
1659 1482 1822 1532 quam

197 1534 420 1587 omnino
477 1553 709 1603 poenam
757 1535 931 1603 stupri
988 1535 1270 1604 penderet;
1319 1535 1423 1588 hoc
1468 1535 1524 1587 id
1571 1534 1711 1603 agit,
1760 1543 1822 1586 ut

130 1624 174 1656 ὀ
196 1605 311 1674 ipse
349 1608 523 1674 optet,
563 1624 626 1658 ex
665 1605 872 1658 duobus
912 1606 978 1658 ab
1025 1606 1144 1676 lege
1194 1605 1502 1658 constitutis
1541 1605 1820 1674 suppliciis

196 1679 376 1728 utrum
424 1675 557 1728 uelit
602 1675 851 1745 pendere.
926 1676 1129 1729 fatetur
1179 1676 1324 1729 enim
1372 1694 1427 1729 se
1475 1676 1680 1745 inpune
1727 1675 1820 1728 ha-

194 1747 319 1799 bere
356 1747 607 1799 maluisse
646 1765 806 1816 quam
845 1747 1035 1800 ducere
1073 1765 1320 1814 uxorem,
1366 1764 1590 1799 uxorem
1627 1745 1819 1799 ducere

196 1816 356 1869 malle
394 1835 556 1886 quam
593 1818 747 1870 mori.
823 1821 983 1870 antea
1019 1818 1196 1888 legem
1233 1817 1536 1871 uitiationis
1575 1819 1816 1870 euertere

196 1891 420 1940 conatus
457 1891 564 1956 est,
603 1906 747 1941 nunc
794 1888 1087 1941 transferre
1124 1889 1266 1941 uolt:
1315 1888 1606 1941 aduocatos
1643 1890 1816 1958 rogat,

132 1975 175 2008 25
197 1957 396 2011 iudices
434 1962 606 2039 rogat,
645 1958 820 2011 omnis
857 1960 1038 2027 potius
1077 1978 1239 2028 quam
1277 1958 1540 2012 uitiatam.
1593 1957 1819 2012 Vtinam

195 2046 309 2081 non
357 2029 459 2082 hoc
511 2028 665 2081 illum
711 2029 966 2082 liberaret
1019 2034 1194 2098 metu,
1243 2029 1388 2099 quod
1442 2029 1634 2083 iudicis
1691 2046 1818 2083 suae

196 2099 536 2152 clementiam
574 2100 745 2152 nouit.
811 2100 1077 2153 clamabat
1112 2118 1167 2152 se
1206 2100 1555 2153 innocentem
1592 2117 1734 2153 esse:
1773 2100 1819 2152 si

197 2169 327 2239 quid
363 2174 656 2238 peccasset,
708 2171 846 2223 mori
883 2189 996 2224 non
1042 2189 1302 2224 recusare.
1378 2170 1563 2223 aderat
1611 2170 1818 2239 raptori

197 2240 429 2309 populus
465 2259 565 2294 nec
603 2242 891 2311 quicquam
927 2242 1100 2312 magis
1138 2245 1440 2311 suspectam
1470 2241 1703 2295 faciebat
1740 2242 1818 2294 ui-

133 2327 176 2361 no
197 2310 360 2364 tiatae
412 2329 624 2365 causam
672 2330 833 2381 quam
880 2312 1073 2366 lenitas
1128 2312 1382 2382 optionis.
1459 2310 1517 2366 Si
1563 2312 1671 2365 iam
1717 2312 1818 2365 tibi

198 2380 262 2433 de
309 2385 495 2451 stupro
542 2387 637 2435 tuo
686 2382 881 2452 liquet,
930 2387 1010 2436 est
1057 2383 1319 2452 quaedam
1367 2383 1614 2452 proxima
1662 2383 1817 2437 inno-

314 2615 340 2654 3
371 2613 552 2666 negasti
583 2613 622 2653 A
659 2617 850 2668 negatio
882 2616 946 2655 'ra
979 2613 996 2668 ΙΙ
1039 2628 1064 2657 o
1095 2630 1174 2659 om.
1208 2617 1242 2656 B
1277 2614 1293 2669 ΙΙ
1335 2618 1358 2657 7
1393 2615 1586 2670 negauit
1616 2615 1668 2667 0,
1701 2627 1816 2657 corr.

202 2669 360 2710 Schult-
383 2667 400 2722 fl
421 2670 448 2711 ⁹
480 2668 587 2723 quid
619 2669 729 2723 quid
760 2670 792 2710 0
812 2668 830 2723 η
850 2670 941 2713 Vbi
969 2672 1004 2712 B
1025 2670 1042 2726 ΙΙ
1069 2674 1120 2715 15
1150 2673 1219 2714 tib
1251 2673 1289 2713 A
1310 2671 1326 2726 ΙΙ
1351 2674 1403 2714 17
1433 2672 1566 2714 uerba
1597 2672 1712 2713 Pars
1745 2670 1815 2711 al-

201 2730 301 2767 tera
333 2726 383 2767 P.
415 2726 479 2766 Αο
516 2728 691 2767 renatis
721 2726 785 2768 bie
813 2729 979 2782 scripta
1009 2727 1040 2768 0
1075 2727 1092 2782 ΙΙ
1131 2731 1183 2771 19
1214 2730 1361 2783 strupi
1393 2730 1422 2769 C
1457 2727 1474 2782 ΙΙ
1510 2729 1600 2770 huc
1630 2730 1695 2768 ‘1¹⁸
1724 2728 1816 2768 οὖα

201 2783 264 2822 'rb
303 2781 320 2835 υ
365 2783 416 2823 :0
449 2795 475 2822 a
500 2783 544 2823 ia
576 2782 677 2837 lege
709 2782 764 2831 0,
797 2797 912 2827 corr.
945 2783 1104 2827 Schulc.
1144 2783 1162 2840 ΙΙ
1191 2787 1243 2827 21
1277 2785 1412 2828 uellit
1444 2787 1472 2825 0
1513 2783 1529 2837 ΙΙ
1566 2786 1619 2825 22
1651 2784 1817 2826 ducere

198 2838 368 2951 intilaallc
401 2837 586 2937 Βξ11τ26
616 2838 691 2881 hic
722 2838 823 2893 ‘tun
863 2845 1015 2884 metus
1044 2841 1092 2894 0,
1122 2855 1237 2885 corr.
1262 2840 1411 2895 21127
1443 2842 1576 2883 nobis
1608 2840 1653 2891 0,
1685 2839 1816 2882 nouIt

327 2898 345 2937 1
380 2908 432 2938 su
726 2936 731 2942 .
