1942 3034
101 169 143 209 p.
162 157 247 199 380
265 156 318 199 Β.
470 152 1133 196 Exci-:RPTA-CONTROV.
1163 153 1282 195 LIB.
1304 154 1411 198 1111.
1613 150 1716 206 261

491 359 1203 432 <CONTROVERSIA
1237 361 1318 431 Ι.)

199 479 404 520 PATER
435 480 471 520 A
504 476 884 520 SEPVLCHRIS
914 479 953 519 A
983 476 1336 520 LVXVRIOSO
1368 476 1622 521 RAPTVS.

101 588 328 640 Amissis
388 587 606 657 quidam
664 587 838 640 tribus
897 587 1080 641 liberis
1135 605 1257 641 cum
1317 585 1584 640 adsideret
1639 605 1715 640 se-

241 657 466 724 pulchro
504 676 537 710 a
572 657 850 711 luxurioso
877 657 1215 711 adolescente
1251 657 1311 711 in
1348 657 1558 711 uicinos
1596 658 1719 711 hor-

33 745 56 778 5
241 733 326 782 tos
375 726 635 795 abductus
680 732 762 781 est
798 732 853 782 et
898 728 1153 782 detonsus
1200 731 1415 782 coactus
1463 729 1719 782 conuiuio

241 803 390 852 ueste
414 802 622 852 mutata
645 800 917 852 interesse.
969 799 1217 852 dimissus
1242 799 1562 852 iniuriarum
1587 800 1716 870 agit.

206 897 516 967 Numquam
553 897 805 951 lacrimae
830 898 1244 968 supprimuntur
1267 897 1512 966 imperio,
1553 897 1719 951 immo

100 969 262 1022 etiam
299 969 607 1021 inritantur.
662 967 832 1021 Nulla
867 967 1031 1021 flendi
1056 968 1230 1021 maior
1255 970 1337 1020 est
1372 985 1534 1025 causa
1559 985 1721 1036 quam

98 1039 223 1092 flere
271 1057 385 1092 non
429 1056 603 1108 posse.
678 1037 881 1108 Rapuit
924 1057 1010 1092 me
1049 1039 1263 1108 qualem
1310 1038 1370 1090 in
1407 1038 1721 1091 conuiuium

36 1127 79 1160 10
99 1109 325 1180 puderet
350 1109 551 1177 uenire,
577 1109 782 1162 dimisit
806 1109 1019 1179 qualem
1057 1110 1231 1163 redire
1270 1108 1337 1162 ad
1375 1108 1720 1178 sepulchrum

0 1240 4 1288 ι
95 1180 334 1305 {23:123
354 1178 1156 1304 ωῗᾶἒᾶῧωῗῑῗῖἷέηῑῖῗὲᾚ
1200 1179 1479 1321 ἑξὲᾰῑωῗ
1496 1179 1720 1303 ἰξοέἓέα

98 1322 246 1376 uiuio
284 1322 384 1376 fui.
459 1322 773 1391 Quousque,
811 1322 1018 1391 inquit,
1056 1321 1248 1374 flebis?
1319 1321 1422 1374 Est
1458 1321 1719 1390 quaedam

99 1394 157 1446 in
194 1393 326 1463 ipsis
362 1392 517 1446 malis
553 1393 874 1446 miserorum
911 1393 1162 1461 uoluptas
1188 1395 1243 1446 et
1280 1392 1457 1446 omnis
1493 1392 1719 1445 aduersa

8 1478 76 1511 Ὶ15
99 1464 321 1518 fortuna
356 1462 522 1516 habet
557 1463 615 1516 in
641 1463 873 1533 quer-elis
910 1463 1291 1517 leuamentum.
1346 1462 1432 1516 Ibi
1468 1480 1554 1515 me
1593 1462 1720 1516 flere

98 1535 353 1604 prohibes
389 1534 483 1587 ubi
516 1533 807 1587 ,crudeliter
843 1534 958 1603 ipse
982 1552 1096 1587 non
1133 1533 1301 1587 fleres.
1361 1532 1497 1587 Cum
1533 1533 1718 1586 miser-

97 1605 293 1658 rimum
330 1605 401 1658 sit
435 1604 589 1673 flere,
636 1622 799 1674 quam
835 1604 1026 1657 infelix
1064 1623 1183 1658 sum
1230 1604 1319 1658 cui
1355 1622 1424 1657 ne
1460 1603 1568 1657 hoc
1605 1604 1721 1674 qui-

52 1679 57 1682 '
98 1674 218 1730 dem
264 1675 412 1729 licet!
487 1674 617 1729 Vidi
665 1675 936 1729 ebriorum
984 1676 1130 1728 sitim
1177 1678 1232 1728 et
1267 1675 1606 1729 uomentium
1642 1674 1720 1728 fa-

98 1764 255 1800 mem.
330 1744 461 1808 Quis
499 1749 581 1799 est
616 1746 718 1799 iste
756 1746 847 1815 qui
897 1765 1059 1815 supra
1095 1746 1316 1799 flentem
1352 1749 1564 1815 patrem
1601 1763 1721 1799 cen-

15 1830 78 1864 ιω
98 1835 278 1870 suram
312 1815 534 1887 lugendi
569 1816 846 1886 postulat?
919 1816 1198 1871 Proiectus
1244 1817 1304 1869 in
1342 1817 1526 1870 omnia
1561 1816 1720 1886 gulae

98 1886 443 1956 libidinisque
490 1886 722 1957 flagitia,
774 1887 1023 1941 omnibus
1068 1887 1340 1941 notandus
1390 1887 1718 1956 censoribus,

99 1957 311 2011 saeculo
336 1963 620 2027 praecepta
645 1958 931 2028 conponit·
971 1958 1074 2012 scit
1092 1961 1355 2028 quantum
1380 1976 1541 2028 super
1564 1957 1722 2011 amis-

98 2045 187 2082 sos
220 2031 329 2082 tres
366 2027 563 2081 liberos
607 2029 749 2098 patri
786 2029 893 2082 flen
933 2048 1023 2082 um
1060 2029 1155 2098 sit,
1243 2046 1366 2083 uem
1415 2029 1461 2082 si
1511 2028 1723 2082 uiueret

99 2102 254 2169 pater
287 2098 455 2152 fleret.
518 2097 709 2167 SeneX,
749 2100 927 2168 orbus,
966 2099 1171 2168 infelix,
1205 2047 1317 2154 {oc
1340 2103 1554 2153 tantum
1580 2099 1722 2153 inter

35 2190 79 2225 z
100 2169 340 2223 miserias
376 2169 629 2223 solatium
655 2170 810 2239 capio
849 2171 993 2239 quod
1028 2170 1275 2224 miserior
1299 2188 1415 2224 esse
1451 2188 1566 2224 non
1599 2188 1720 2239 pos-

100 2257 234 2293 sum.
291 2238 510 2294 Cineres
546 2258 789 2294 meorum
827 2241 885 2295 in
911 2241 1197 2311 sepulchro
1236 2240 1411 2296 uideo.
1458 2240 1722 2312 Magnum

101 2309 352 2364 solatium
378 2315 460 2364 est
494 2311 707 2434 saeplius
732 2311 1002 2436 applellare
1027 2312 1322 2366 liberorum
1358 2330 1473 2366 non
1497 2329 1720 2393 respon-

102 2398 226 2433 sura
273 2380 509 2435 nomina.
640 2381 691 2435 ic
737 2399 811 2436 xm
853 2382 872 2436 i
918 2382 1212 2437 uiuendum
1268 2386 1350 2437 est
1405 2401 1474 2437 ne
1523 2400 1610 2436 cui
1656 2383 1720 2436 de

101 2450 332 2520 nuptiis,
371 2468 439 2504 ne
476 2450 563 2505 cui
599 2450 664 2505 de
701 2451 883 2508 liberis
922 2454 1186 2525 cogitanti
1224 2453 1399 2508 dirum
1438 2470 1598 2507 omen
1636 2471 1720 2507 oc-

36 2540 81 2577 ω
102 2539 327 2575 curram.
357 2522 376 2590 fl
403 2519 566 2592 Cogit
602 2521 729 2576 flere
755 2524 847 2593 qui
884 2542 1000 2579 non
1038 2525 1183 2579 sinit.
1239 2524 1306 2579 In
1342 2525 1438 2579 illo
1465 2524 1719 2578 conuiuio

102 2592 300 2646 morari
339 2591 501 2645 etiam
539 2590 712 2646 felicis
749 2595 915 2662 patris
953 2600 1092 2650 esset
1128 2595 1343 2650 iniuria.

207 2661 339 2716 Pars
393 2661 575 2716 altera.
652 2660 881 2725 Questus
927 2666 1075 2735 prius
1126 2685 1243 2720 sum
1292 2666 1356 2720 de
1415 2666 1721 2720 inhumani-

214 2849 239 2890 '1
270 2848 582 2902 suprimnntur
611 2849 656 2888 Ι
684 2847 701 2902 Ι
730 2851 757 2890 8
789 2848 846 2891 fle
878 2851 953 2891 1⁸
979 2847 1005 2960 Ἢ
1038 2853 1090 2894 18
1121 2852 1228 2894 fleui
1257 2853 1303 2892 1
1331 2849 1349 2906 ΙΙ
1385 2853 1440 2893 20
1469 2849 1575 2904 gyle
1606 2851 1679 2891 1⁸
1709 2847 1723 2902 Ἰ

36 2955 37 2958 ¹
101 2902 158 2944 25
187 2903 379 2946 minem·
407 2905 483 2945 Ι.
522 2905 539 2958 fl
578 2906 633 2947 26
665 2917 836 2948 morum
875 2907 950 2947 1·
1046 2909 1102 2950 29
1133 2920 1293 2950 oneum
1327 2906 1457 2961 (ras.)
1486 2909 1562 2947 11⁸
