1942 3034
127 122 232 174 252
660 123 888 164 ΑΝΝΑΕΙ
918 123 1192 165 SENECAE
1511 137 1557 179 p.
1579 127 1662 168 370
1682 128 1736 168 Β.

129 247 230 300 erit
285 246 492 300 etiamsi
542 250 771 300 mortem
828 248 1112 316 optauerit.
1187 247 1254 300 In
1308 266 1543 302 amorem
1597 250 1739 303 filiae

126 318 279 370 istius
334 317 516 370 incidi.
592 318 861 386 appellare
919 318 1077 370 debui
1124 319 1187 370 de
1245 319 1449 386 nuptiis
1505 323 1738 389 patrem3

126 387 255 457 feci3
314 387 404 441 sed
459 387 652 440 uidetis
702 406 862 456 quam
914 389 1074 441 etiam
1129 389 1189 441 in
1244 389 1364 459 lege
1419 389 1596 443 lentus
1638 391 1737 443 sit.

125 457 333 527 Raptor
380 458 548 510 uitam
586 458 748 510 alieni
786 459 994 511 arbitrii
1030 459 1217 528 habet,
1265 460 1584 530 libertalltem
1637 461 1734 513 sui.

125 528 236 581 Lex
273 529 377 581 ista
413 528 712 581 communis
751 531 848 581 est.
922 529 1101 582 Habet
1136 530 1223 582 hic
1272 533 1457 599 raptor
1495 531 1636 599 quod
1673 532 1737 583 ti·
1761 553 1782 585 5

126 602 284 668 meat,
324 599 486 650 habet
523 601 576 650 et
601 598 746 666 quod
782 617 993 667 sperare
1019 600 1202 668 possit.
1254 600 1319 652 In
1356 601 1490 670 lege,
1530 602 1736 670 inquid,

124 687 237 721 non
285 672 365 721 est
410 668 668 736 scriptum
714 669 944 737 quando.
1019 671 1183 723 immo
1232 672 1438 738 statim,
1489 673 1739 739 quotiens

124 742 337 807 tempus
390 756 503 791 non
563 739 815 806 adicitur,
871 758 1121 807 praesens
1179 741 1529 810 intellegitur.
1603 741 1738 793 Tam

126 809 350 878 longum
387 809 488 861 tibi
526 809 608 861 ius
646 810 704 861 in
743 814 904 878 caput
939 810 1072 863 ciuis
1109 811 1489 878 permittatur?
1541 810 1735 864 Crude-

123 879 227 931 lius
266 883 346 931 est
384 898 543 948 quam
582 881 733 949 mori,
773 898 981 948 semper
1018 884 1247 933 mortem
1284 881 1487 934 timere.
1761 903 1801 934 10

486 1117 1194 1186 <CONTROVERSIA
1232 1119 1372 1189 VI.)

425 1232 633 1274 DOMVS
667 1231 793 1273 CVM
832 1233 1115 1275 TYRANNO
1154 1234 1431 1276 INCENSA.

122 1341 323 1394 Damni
362 1341 518 1394 inlati
571 1341 711 1394 actio
763 1343 846 1395 sit.
924 1341 1151 1404 Quidam
1188 1347 1477 1413 tyrannum
1516 1363 1580 1397 ex
1618 1364 1736 1399 arce

263 1412 563 1482 fugientem
603 1430 723 1464 cum
760 1417 1194 1483 persequeretur,
1245 1414 1302 1466 in
1339 1415 1607 1483 priuatam
1646 1416 1736 1470 do-

262 1501 409 1535 mum
437 1482 710 1551 compulit.
762 1484 1000 1536 incendit
1036 1485 1276 1537 domum:
1314 1488 1576 1554 tyrannus
1614 1505 1734 1539 cum
1759 1506 1800 1539 15

265 1553 423 1606 domo
451 1554 821 1622 conflagrauit.
873 1555 1170 1622 praemium
1202 1556 1422 1624 accepit.
1473 1557 1587 1626 agit
1612 1575 1732 1610 cum

261 1624 355 1677 illo
396 1624 642 1676 dominus
687 1623 884 1681 damni.

228 1720 396 1783 Quem
445 1722 715 1774 exclusisti
763 1726 817 1775 et
863 1741 1021 1792 quem
1066 1723 1352 1792 recepisti?
1408 1742 1571 1792 quare
1615 1726 1731 1777 nul-

118 1793 226 1844 lam
263 1792 421 1845 aliam
461 1792 678 1845 domum
715 1796 977 1862 tyrannus
1014 1794 1212 1862 petiit?
1283 1794 1457 1847 Nemo
1495 1813 1608 1848 non
1644 1813 1731 1848 ue—

118 1863 291 1915 nienti
330 1863 544 1915 domum
584 1863 756 1916 clusit.
807 1865 1031 1916 Aditum
1068 1865 1126 1916 in
1162 1864 1379 1917 domum
1418 1882 1530 1917 non
1566 1866 1731 1918 habui
1754 1885 1797 1917 20

118 1951 325 2072 3342}ss
358 1934 1004 2072 pssfifi‘ssaehsi'sssssskassffme
1073 1935 1251 2058 ῑῖῃῖξῗ
1286 1936 1540 2058 3133?ss
1542 1941 1729 2059 Βὲἰῃῖἶί

117 2078 380 2143 tyrannus
419 2075 623 2127 occisus
673 2078 798 2127 est'.
873 2080 1148 2144 tamquam
1194 2076 1532 2144 tyrannicida
1576 2094 1727 2128 mon-

118 2144 317 2197 straris·
393 2143 600 2212 Redde,
638 2145 851 2214 inquid,
902 2146 1135 2198 domum.
1209 2146 1294 2198 Ita
1330 2146 1457 2198 uiuo
1495 2149 1726 2214 tyranno

116 2231 228 2266 non
276 2214 620 2282 perdideras?
694 2215 932 2284 Tyranni
980 2216 1180 2267 amicus
1190 2256 1205 2283 ,
1243 2216 1461 2284 tyranni
1498 2217 1725 2285 satelleS,
1749 2237 1792 2269 25

117 2288 286 2353 certe,
335 2284 478 2353 quod
514 2301 711 2354 negare
747 2303 860 2338 non
897 2288 1051 2353 potes
1063 2326 1077 2352 ,
1116 2285 1325 2354 hospes
1401 2285 1509 2339 Diu
1539 2294 1729 2356 'exspe-

116 2354 258 2407 ctaui
297 2372 366 2406 an
393 2355 653 2407 eiceretur
689 2359 967 2423 tyrannus
1019 2355 1252 2408 Facilius
1290 2360 1442 2424 potes
1481 2375 1726 2410 accusare

116 2428 208 2477 aut
244 2428 297 2477 te
336 2425 427 2492 qui
464 2428 576 2476 tam
612 2425 892 2477 familiaris
930 2429 1160 2494 tyranno
1199 2426 1366 2495 fuisti,
1404 2430 1465 2479 ut
1501 2427 1582 2479 illi
1618 2446 1723 2480 ma-

113 2494 256 2547 xime
301 2497 395 2547 tua
440 2495 677 2563 placeret
723 2496 935 2560 domuS,
984 2496 1075 2564 qui
1121 2495 1274 2548 illum
1319 2497 1595 2566 recepisti,
1634 2502 1727 2550 aut

112 2567 403 2633 tyrannum
442 2566 534 2633 qui
580 2566 680 2617 tibi
720 2565 971 2618 damnum
1010 2565 1179 2635 dedit,
1231 2567 1375 2635 quod
1411 2568 1469 2620 in
1508 2568 1722 2620 domum
1746 2588 1788 2620 80

227 2751 252 2790 9
285 2750 555 2802 permitatur
584 2752 642 2802 Π,
666 2764 778 2794 corr.
797 2751 927 2792 Burs.
951 2750 969 2805 Η
991 2753 1041 2792 16
1073 2755 1279 2805 praemia
1311 2754 1370 2804 Η,
1401 2766 1516 2794 corr.
1543 2752 1672 2796 Burs.
1705 2751 1718 2805 fl

111 2806 537 2903 ggtgllffsmssaquem
569 2821 645 2848 om.
668 2809 713 2847 M
734 2805 748 2860 ΙΙ
772 2809 825 2848 20
857 2809 1018 2849 domun
1044 2808 1183 2850 clusit
1204 2811 1248 2849 n
1269 2808 1285 2862 ΙΙ
1306 2811 1359 2850 22
1382 2809 1514 2850 domo
1535 2810 1606 2848 Mb
1629 2807 1643 2860 ΙΙ
1666 2811 1720 2849 25
