<?xml version="1.0" encoding="UTF-8"?>
<!DOCTYPE html PUBLIC "-//W3C//DTD XHTML 1.0 Transitional//EN"
    "http://www.w3.org/TR/xhtml1/DTD/xhtml1-transitional.dtd">
<html xmlns="http://www.w3.org/1999/xhtml" xml:lang="en" lang="en">
 <head>
  <title>
</title>
<meta http-equiv="Content-Type" content="text/html;charset=utf-8" />
  <meta name='ocr-system' content='tesseract 3.04.00' />
  <meta name='ocr-capabilities' content='ocr_page ocr_carea ocr_par ocr_line ocrx_word'/>
</head>
<body>
  <div class='ocr_page' id='page_1' title='image "./oratorumetrhetor00seneuoft/oratorumetrhetor00seneuoft_0078.png"; bbox 0 0 1890 3060; ppageno 0'>
   <div class='ocr_carea' id='block_1_1' title="bbox 140 150 1751 207">
    <p class='ocr_par' dir='ltr' id='par_1_1' title="bbox 140 150 1751 207">
     <span class='ocr_line' id='line_1_1' title="bbox 140 150 1751 207; baseline -0.009 0"><span class='ocrx_word' id='word_1_1' title='bbox 140 154 210 207; x_wconf 83' lang='lat'>58</span> <span class='ocrx_word' id='word_1_2' title='bbox 674 153 901 198; x_wconf 79' lang='lat' dir='ltr'>ANNAEI</span> <span class='ocrx_word' id='word_1_3' title='bbox 939 157 1214 199; x_wconf 78' lang='lat' dir='ltr'>SENECAE</span> <span class='ocrx_word' id='word_1_4' title='bbox 1557 166 1600 207; x_wconf 80' lang='lat' dir='ltr'>p.</span> <span class='ocrx_word' id='word_1_5' title='bbox 1623 154 1678 196; x_wconf 82' lang='lat'>47</span> <span class='ocrx_word' id='word_1_6' title='bbox 1699 150 1751 192; x_wconf 88' lang='grc' dir='ltr'>Β.</span> 
     </span>
    </p>
   </div>
   <div class='ocr_carea' id='block_1_2' title="bbox 71 281 1890 2392">
    <p class='ocr_par' dir='ltr' id='par_1_2' title="bbox 135 281 1887 916">
     <span class='ocr_line' id='line_1_2' title="bbox 141 281 1752 351; baseline 0.003 -17"><span class='ocrx_word' id='word_1_7' title='bbox 141 282 398 336; x_wconf 88' lang='lat' dir='ltr'>memoria</span> <span class='ocrx_word' id='word_1_8' title='bbox 436 283 516 334; x_wconf 89' lang='lat' dir='ltr'>est</span> <span class='ocrx_word' id='word_1_9' title='bbox 551 298 634 333; x_wconf 84' lang='lat' dir='ltr'>res</span> <span class='ocrx_word' id='word_1_10' title='bbox 674 298 738 332; x_wconf 85' lang='lat' dir='ltr'>ex</span> <span class='ocrx_word' id='word_1_11' title='bbox 773 281 1021 333; x_wconf 89' lang='lat' dir='ltr'>omnibus</span> <span class='ocrx_word' id='word_1_12' title='bbox 1056 282 1222 334; x_wconf 90' lang='lat' dir='ltr'>animi</span> <span class='ocrx_word' id='word_1_13' title='bbox 1256 285 1497 351; x_wconf 83' lang='lat' dir='ltr'>partibus</span> <span class='ocrx_word' id='word_1_14' title='bbox 1523 287 1752 339; x_wconf 81' lang='lat' dir='ltr'>maxime</span> 
     </span>
     <span class='ocr_line' id='line_1_3' title="bbox 143 351 1752 421; baseline 0.002 -16"><span class='ocrx_word' id='word_1_15' title='bbox 143 353 367 406; x_wconf 89' lang='lat' dir='ltr'>delicata</span> <span class='ocrx_word' id='word_1_16' title='bbox 413 355 467 403; x_wconf 92' lang='lat' dir='ltr'>et</span> <span class='ocrx_word' id='word_1_17' title='bbox 514 351 747 421; x_wconf 81' lang='lat' dir='ltr'>fragilis,</span> <span class='ocrx_word' id='word_1_18' title='bbox 798 352 856 403; x_wconf 91' lang='lat' dir='ltr'>in</span> <span class='ocrx_word' id='word_1_19' title='bbox 905 370 1065 420; x_wconf 91' lang='lat' dir='ltr'>quam</span> <span class='ocrx_word' id='word_1_20' title='bbox 1110 353 1339 420; x_wconf 82' lang='lat' dir='ltr'><strong>primam</strong></span> <span class='ocrx_word' id='word_1_21' title='bbox 1384 359 1625 409; x_wconf 85' lang='lat' dir='ltr'>senectus</span> <span class='ocrx_word' id='word_1_22' title='bbox 1674 357 1752 408; x_wconf 88' lang='lat' dir='ltr'>in·</span> 
     </span>
     <span class='ocr_line' id='line_1_4' title="bbox 141 421 1752 493; baseline 0.001 -16"><span class='ocrx_word' id='word_1_23' title='bbox 141 425 322 477; x_wconf 88' lang='lat' dir='ltr'>currit.</span> <span class='ocrx_word' id='word_1_24' title='bbox 404 421 560 474; x_wconf 91' lang='lat' dir='ltr'>Hanc</span> <span class='ocrx_word' id='word_1_25' title='bbox 615 421 902 490; x_wconf 88' lang='lat' dir='ltr'>aliquando</span> <span class='ocrx_word' id='word_1_26' title='bbox 962 422 1021 473; x_wconf 92' lang='lat' dir='ltr'>in</span> <span class='ocrx_word' id='word_1_27' title='bbox 1076 441 1160 475; x_wconf 90' lang='lat' dir='ltr'>me</span> <span class='ocrx_word' id='word_1_28' title='bbox 1208 423 1477 493; x_wconf 90' lang='lat' dir='ltr'>floruisse,</span> <span class='ocrx_word' id='word_1_29' title='bbox 1531 429 1591 478; x_wconf 89' lang='lat' dir='ltr'>ut</span> <span class='ocrx_word' id='word_1_30' title='bbox 1640 445 1752 479; x_wconf 90' lang='lat' dir='ltr'>non</span> 
     </span>
     <span class='ocr_line' id='line_1_5' title="bbox 139 492 1751 565; baseline 0.001 -18"><span class='ocrx_word' id='word_1_31' title='bbox 139 498 351 548; x_wconf 89' lang='lat' dir='ltr'>tantum</span> <span class='ocrx_word' id='word_1_32' title='bbox 389 492 455 546; x_wconf 87' lang='lat' dir='ltr'>ad</span> <span class='ocrx_word' id='word_1_33' title='bbox 491 510 647 544; x_wconf 90' lang='lat' dir='ltr'>usum</span> <span class='ocrx_word' id='word_1_34' title='bbox 686 492 969 560; x_wconf 86' lang='lat' dir='ltr'>sufficeret,</span> <span class='ocrx_word' id='word_1_35' title='bbox 1009 492 1101 545; x_wconf 90' lang='lat' dir='ltr'>sed</span> <span class='ocrx_word' id='word_1_36' title='bbox 1137 494 1195 545; x_wconf 88' lang='lat' dir='ltr'>in</span> <span class='ocrx_word' id='word_1_37' title='bbox 1232 495 1547 547; x_wconf 80' lang='lat' dir='ltr'>miraculum</span> <span class='ocrx_word' id='word_1_38' title='bbox 1583 515 1751 565; x_wconf 90' lang='lat' dir='ltr'>usque</span> 
     </span>
     <span class='ocr_line' id='line_1_6' title="bbox 139 563 1793 634; baseline 0.001 -18"><span class='ocrx_word' id='word_1_39' title='bbox 139 564 473 634; x_wconf 74' lang='lat' dir='ltr'>procederet,</span> <span class='ocrx_word' id='word_1_40' title='bbox 512 580 625 615; x_wconf 92' lang='lat' dir='ltr'>non</span> <span class='ocrx_word' id='word_1_41' title='bbox 661 579 828 631; x_wconf 81' lang='lat' dir='ltr'>nego:</span> <span class='ocrx_word' id='word_1_42' title='bbox 875 581 1003 615; x_wconf 92' lang='lat' dir='ltr'>nam</span> <span class='ocrx_word' id='word_1_43' title='bbox 1050 566 1104 615; x_wconf 92' lang='lat' dir='ltr'>et</span> <span class='ocrx_word' id='word_1_44' title='bbox 1141 563 1244 616; x_wconf 91' lang='lat' dir='ltr'>duo</span> <span class='ocrx_word' id='word_1_45' title='bbox 1272 566 1442 618; x_wconf 21' lang='lat' dir='ltr'>,milia</span> <span class='ocrx_word' id='word_1_46' title='bbox 1468 567 1751 620; x_wconf 82' lang='lat' dir='ltr'>nominum</span> <span class='ocrx_word' id='word_1_47' title='bbox 1774 588 1793 620; x_wconf 85' lang='lat'>5</span> 
     </span>
     <span class='ocr_line' id='line_1_7' title="bbox 138 632 1882 702; baseline 0.002 -15"><span class='ocrx_word' id='word_1_48' title='bbox 138 636 361 688; x_wconf 88' lang='lat' dir='ltr'>recitata</span> <span class='ocrx_word' id='word_1_49' title='bbox 400 650 505 702; x_wconf 91' lang='lat' dir='ltr'>quo</span> <span class='ocrx_word' id='word_1_50' title='bbox 545 635 697 684; x_wconf 87' lang='lat' dir='ltr'>erant</span> <span class='ocrx_word' id='word_1_51' title='bbox 735 633 920 685; x_wconf 84' lang='lat' dir='ltr'>ordine</span> <span class='ocrx_word' id='word_1_52' title='bbox 969 632 1111 686; x_wconf 89' lang='lat' dir='ltr'>dicta</span> <span class='ocrx_word' id='word_1_53' title='bbox 1147 634 1432 688; x_wconf 84' lang='lat' dir='ltr'>reddebam</span> <span class='ocrx_word' id='word_1_54' title='bbox 1472 640 1525 689; x_wconf 90' lang='lat' dir='ltr'>et</span> <span class='ocrx_word' id='word_1_55' title='bbox 1562 638 1628 689; x_wconf 91' lang='lat' dir='ltr'>ab</span> <span class='ocrx_word' id='word_1_56' title='bbox 1666 637 1750 690; x_wconf 88' lang='lat' dir='ltr'>his</span> <span class='ocrx_word' id='word_1_57' title='bbox 1877 633 1882 641; x_wconf 77' lang='grc'><strong>’</strong></span> 
     </span>
     <span class='ocr_line' id='line_1_8' title="bbox 138 702 1752 774; baseline 0.001 -16"><span class='ocrx_word' id='word_1_58' title='bbox 138 706 231 774; x_wconf 91' lang='lat' dir='ltr'>qui</span> <span class='ocrx_word' id='word_1_59' title='bbox 269 705 335 757; x_wconf 89' lang='lat' dir='ltr'>ad</span> <span class='ocrx_word' id='word_1_60' title='bbox 372 702 695 756; x_wconf 89' lang='lat' dir='ltr'>audiendum</span> <span class='ocrx_word' id='word_1_61' title='bbox 719 707 1121 771; x_wconf 74' lang='lat' dir='ltr'>praeceptorem</span> <span class='ocrx_word' id='word_1_62' title='bbox 1152 723 1360 757; x_wconf 90' lang='lat' dir='ltr'>mecum</span> <span class='ocrx_word' id='word_1_63' title='bbox 1387 712 1752 760; x_wconf 87' lang='lat' dir='ltr'>conuenerant</span> 
     </span>
     <span class='ocr_line' id='line_1_9' title="bbox 135 773 1750 846; baseline 0.001 -17"><span class='ocrx_word' id='word_1_64' title='bbox 135 776 378 845; x_wconf 82' lang='lat' dir='ltr'>singulos</span> <span class='ocrx_word' id='word_1_65' title='bbox 416 791 602 826; x_wconf 89' lang='lat' dir='ltr'>uersus</span> <span class='ocrx_word' id='word_1_66' title='bbox 641 792 672 825; x_wconf 86' lang='lat' dir='ltr'>a</span> <span class='ocrx_word' id='word_1_67' title='bbox 710 773 935 843; x_wconf 82' lang='lat' dir='ltr'>singulis</span> <span class='ocrx_word' id='word_1_68' title='bbox 982 773 1157 843; x_wconf 86' lang='lat' dir='ltr'>datos,</span> <span class='ocrx_word' id='word_1_69' title='bbox 1205 793 1325 827; x_wconf 93' lang='lat' dir='ltr'>cum</span> <span class='ocrx_word' id='word_1_70' title='bbox 1372 777 1552 844; x_wconf 90' lang='lat' dir='ltr'>plures</span> <span class='ocrx_word' id='word_1_71' title='bbox 1590 797 1750 846; x_wconf 87' lang='lat' dir='ltr'>quam</span> 
     </span>
     <span class='ocr_line' id='line_1_10' title="bbox 137 843 1878 916; baseline 0.002 -18"><span class='ocrx_word' id='word_1_72' title='bbox 137 846 352 898; x_wconf 88' lang='lat' dir='ltr'>ducenti</span> <span class='ocrx_word' id='word_1_73' title='bbox 392 844 756 911; x_wconf 86' lang='lat' dir='ltr'>efficerentur,</span> <span class='ocrx_word' id='word_1_74' title='bbox 806 845 871 895; x_wconf 86' lang='lat' dir='ltr'>ab</span> <span class='ocrx_word' id='word_1_75' title='bbox 921 843 1110 897; x_wconf 90' lang='lat' dir='ltr'>ultimo</span> <span class='ocrx_word' id='word_1_76' title='bbox 1159 845 1421 914; x_wconf 83' lang='lat' dir='ltr'>incipiens</span> <span class='ocrx_word' id='word_1_77' title='bbox 1468 865 1636 916; x_wconf 86' lang='lat' dir='ltr'>usque</span> <span class='ocrx_word' id='word_1_78' title='bbox 1683 848 1750 901; x_wconf 87' lang='lat' dir='ltr'>ad</span> <span class='ocrx_word' id='word_1_79' title='bbox 1876 904 1878 907; x_wconf 73' lang='grc'><strong>,</strong></span> 
     </span>
    </p>

    <p class='ocr_par' dir='ltr' id='par_1_3' title="bbox 77 913 1890 1829">
     <span class='ocr_line' id='line_1_11' title="bbox 77 913 1813 987; baseline 0.002 -19"><span class='ocrx_word' id='word_1_80' title='bbox 77 929 108 976; x_wconf 88' lang='grc'><strong>3</strong></span> <span class='ocrx_word' id='word_1_81' title='bbox 134 917 368 985; x_wconf 90' lang='lat' dir='ltr'>primum</span> <span class='ocrx_word' id='word_1_82' title='bbox 393 914 697 967; x_wconf 74' lang='lat' dir='ltr'>recitabam.</span> <span class='ocrx_word' id='word_1_83' title='bbox 735 931 834 966; x_wconf 88' lang='lat' dir='ltr'>nec</span> <span class='ocrx_word' id='word_1_84' title='bbox 861 913 927 966; x_wconf 90' lang='lat' dir='ltr'>ad</span> <span class='ocrx_word' id='word_1_85' title='bbox 954 914 1350 982; x_wconf 86' lang='lat' dir='ltr'>complectenda</span> <span class='ocrx_word' id='word_1_86' title='bbox 1374 921 1586 970; x_wconf 89' lang='lat' dir='ltr'>tantum</span> <span class='ocrx_word' id='word_1_87' title='bbox 1613 937 1748 987; x_wconf 90' lang='lat' dir='ltr'>quae</span> <span class='ocrx_word' id='word_1_88' title='bbox 1774 941 1813 971; x_wconf 77' lang='grc' dir='ltr'>ω</span> 
     </span>
     <span class='ocr_line' id='line_1_12' title="bbox 134 983 1749 1054; baseline 0.001 -15"><span class='ocrx_word' id='word_1_89' title='bbox 134 986 329 1039; x_wconf 83' lang='grc'><strong>116116111</strong></span> <span class='ocrx_word' id='word_1_90' title='bbox 365 985 525 1038; x_wconf 83' lang='grc' dir='ltr'><strong>1161οΧ</strong></span> <span class='ocrx_word' id='word_1_91' title='bbox 561 983 696 1037; x_wconf 89' lang='lat' dir='ltr'>mihi</span> <span class='ocrx_word' id='word_1_92' title='bbox 735 988 849 1036; x_wconf 89' lang='lat' dir='ltr'>erat</span> <span class='ocrx_word' id='word_1_93' title='bbox 883 985 1167 1054; x_wconf 88' lang='lat' dir='ltr'>memoria,</span> <span class='ocrx_word' id='word_1_94' title='bbox 1209 986 1300 1039; x_wconf 91' lang='lat' dir='ltr'>sed</span> <span class='ocrx_word' id='word_1_95' title='bbox 1336 988 1497 1040; x_wconf 91' lang='lat' dir='ltr'>etiam</span> <span class='ocrx_word' id='word_1_96' title='bbox 1523 988 1590 1040; x_wconf 92' lang='lat' dir='ltr'>ad</span> <span class='ocrx_word' id='word_1_97' title='bbox 1627 1007 1749 1042; x_wconf 90' lang='lat' dir='ltr'>con-</span> 
     </span>
     <span class='ocr_line' id='line_1_13' title="bbox 131 1054 1748 1124; baseline 0.002 -15"><span class='ocrx_word' id='word_1_98' title='bbox 131 1057 356 1109; x_wconf 90' lang='lat' dir='ltr'>tinenda</span> <span class='ocrx_word' id='word_1_99' title='bbox 380 1073 515 1124; x_wconf 88' lang='lat' dir='ltr'>quae</span> <span class='ocrx_word' id='word_1_100' title='bbox 541 1058 818 1123; x_wconf 86' lang='lat' dir='ltr'>acceperat</span> <span class='ocrx_word' id='word_1_101' title='bbox 842 1054 1049 1107; x_wconf 84' lang='lat' dir='ltr'>solebat</span> <span class='ocrx_word' id='word_1_102' title='bbox 1071 1056 1244 1109; x_wconf 92' lang='lat' dir='ltr'>bonae</span> <span class='ocrx_word' id='word_1_103' title='bbox 1269 1057 1393 1110; x_wconf 93' lang='lat' dir='ltr'>fidei</span> <span class='ocrx_word' id='word_1_104' title='bbox 1420 1077 1546 1111; x_wconf 89' lang='lat' dir='ltr'>esse.</span> <span class='ocrx_word' id='word_1_105' title='bbox 1604 1077 1748 1112; x_wconf 91' lang='lat' dir='ltr'>nunc</span> 
     </span>
     <span class='ocr_line' id='line_1_14' title="bbox 134 1101 1890 1200; baseline 0.001 -20"><span class='ocrx_word' id='word_1_106' title='bbox 134 1129 242 1181; x_wconf 89' lang='lat' dir='ltr'>iam</span> <span class='ocrx_word' id='word_1_107' title='bbox 280 1134 334 1180; x_wconf 88' lang='lat' dir='ltr'>et</span> <span class='ocrx_word' id='word_1_108' title='bbox 370 1129 544 1179; x_wconf 88' lang='lat' dir='ltr'>aetate</span> <span class='ocrx_word' id='word_1_109' title='bbox 583 1129 832 1194; x_wconf 82' lang='lat' dir='ltr'>quassata</span> <span class='ocrx_word' id='word_1_110' title='bbox 869 1128 923 1177; x_wconf 89' lang='lat' dir='ltr'>et</span> <span class='ocrx_word' id='word_1_111' title='bbox 958 1125 1123 1196; x_wconf 85' lang='lat' dir='ltr'>longa</span> <span class='ocrx_word' id='word_1_112' title='bbox 1161 1126 1385 1196; x_wconf 89' lang='lat' dir='ltr'>desidia,</span> <span class='ocrx_word' id='word_1_113' title='bbox 1431 1147 1565 1198; x_wconf 90' lang='lat' dir='ltr'>quae</span> <span class='ocrx_word' id='word_1_114' title='bbox 1604 1130 1749 1182; x_wconf 90' lang='lat' dir='ltr'>iuue-</span> <span class='ocrx_word' id='word_1_115' title='bbox 1875 1101 1890 1200; x_wconf 93' lang='grc'>1</span> 
     </span>
     <span class='ocr_line' id='line_1_15' title="bbox 132 1195 1890 1268; baseline 0.002 -18"><span class='ocrx_word' id='word_1_116' title='bbox 132 1199 298 1250; x_wconf 84' lang='lat' dir='ltr'>nilem</span> <span class='ocrx_word' id='word_1_117' title='bbox 338 1214 549 1265; x_wconf 90' lang='lat' dir='ltr'>quoque</span> <span class='ocrx_word' id='word_1_118' title='bbox 589 1197 827 1248; x_wconf 88' lang='lat' dir='ltr'>animum</span> <span class='ocrx_word' id='word_1_119' title='bbox 864 1195 1134 1265; x_wconf 88' lang='lat' dir='ltr'>dissoluit,</span> <span class='ocrx_word' id='word_1_120' title='bbox 1174 1216 1236 1250; x_wconf 92' lang='lat' dir='ltr'>eo</span> <span class='ocrx_word' id='word_1_121' title='bbox 1262 1200 1518 1266; x_wconf 88' lang='lat' dir='ltr'>perducta</span> <span class='ocrx_word' id='word_1_122' title='bbox 1555 1203 1649 1268; x_wconf 89' lang='lat' dir='ltr'>est,</span> <span class='ocrx_word' id='word_1_123' title='bbox 1689 1204 1750 1253; x_wconf 87' lang='lat' dir='ltr'>ut</span> <span class='ocrx_word' id='word_1_124' title='bbox 1888 1202 1890 1218; x_wconf 92' lang='lat'>&#39;</span> 
     </span>
     <span class='ocr_line' id='line_1_16' title="bbox 134 1266 1890 1338; baseline 0.002 -18"><span class='ocrx_word' id='word_1_125' title='bbox 134 1268 343 1321; x_wconf 89' lang='lat' dir='ltr'>etiamsi</span> <span class='ocrx_word' id='word_1_126' title='bbox 379 1270 559 1335; x_wconf 89' lang='lat' dir='ltr'>potest</span> <span class='ocrx_word' id='word_1_127' title='bbox 595 1266 800 1334; x_wconf 87' lang='lat' dir='ltr'>aliquid</span> <span class='ocrx_word' id='word_1_128' title='bbox 835 1270 1130 1335; x_wconf 88' lang='lat' dir='ltr'>praestare,</span> <span class='ocrx_word' id='word_1_129' title='bbox 1169 1286 1282 1320; x_wconf 89' lang='lat' dir='ltr'>non</span> <span class='ocrx_word' id='word_1_130' title='bbox 1318 1271 1490 1337; x_wconf 84' lang='lat' dir='ltr'>possit</span> <span class='ocrx_word' id='word_1_131' title='bbox 1525 1271 1746 1338; x_wconf 88' lang='lat' dir='ltr'>promit·</span> <span class='ocrx_word' id='word_1_132' title='bbox 1771 1292 1811 1324; x_wconf 87' lang='lat'>15</span> <span class='ocrx_word' id='word_1_133' title='bbox 1884 1283 1890 1310; x_wconf 74' lang='lat'>2²</span> 
     </span>
     <span class='ocr_line' id='line_1_17' title="bbox 133 1311 1890 1409; baseline 0.002 -18"><span class='ocrx_word' id='word_1_134' title='bbox 133 1343 271 1391; x_wconf 89' lang='lat' dir='ltr'>tere:</span> <span class='ocrx_word' id='word_1_135' title='bbox 312 1337 402 1389; x_wconf 83' lang='lat' dir='ltr'>diu</span> <span class='ocrx_word' id='word_1_136' title='bbox 439 1338 506 1389; x_wconf 88' lang='lat' dir='ltr'>ab</span> <span class='ocrx_word' id='word_1_137' title='bbox 543 1336 637 1388; x_wconf 91' lang='lat' dir='ltr'>illa</span> <span class='ocrx_word' id='word_1_138' title='bbox 673 1335 812 1388; x_wconf 89' lang='lat' dir='ltr'>nihil</span> <span class='ocrx_word' id='word_1_139' title='bbox 849 1337 1092 1404; x_wconf 89' lang='lat' dir='ltr'>repetiui.</span> <span class='ocrx_word' id='word_1_140' title='bbox 1137 1337 1331 1408; x_wconf 89' lang='lat' dir='ltr'>[Nunc]</span> <span class='ocrx_word' id='word_1_141' title='bbox 1373 1342 1498 1408; x_wconf 87' lang='lat' dir='ltr'>quia</span> <span class='ocrx_word' id='word_1_142' title='bbox 1535 1341 1744 1409; x_wconf 76' lang='lat' dir='ltr'>iubetis,</span> <span class='ocrx_word' id='word_1_143' title='bbox 1886 1311 1890 1380; x_wconf 78' lang='grc'>1</span> 
     </span>
     <span class='ocr_line' id='line_1_18' title="bbox 133 1406 1744 1477; baseline 0.002 -17"><span class='ocrx_word' id='word_1_144' title='bbox 133 1408 262 1477; x_wconf 85' lang='lat' dir='ltr'>quid</span> <span class='ocrx_word' id='word_1_145' title='bbox 298 1408 470 1477; x_wconf 85' lang='lat' dir='ltr'>possit</span> <span class='ocrx_word' id='word_1_146' title='bbox 516 1407 758 1475; x_wconf 85' lang='lat' dir='ltr'>experiar</span> <span class='ocrx_word' id='word_1_147' title='bbox 795 1410 849 1458; x_wconf 94' lang='lat' dir='ltr'>et</span> <span class='ocrx_word' id='word_1_148' title='bbox 885 1406 1033 1459; x_wconf 87' lang='lat' dir='ltr'>illam</span> <span class='ocrx_word' id='word_1_149' title='bbox 1082 1409 1229 1459; x_wconf 87' lang='lat' dir='ltr'>omni</span> <span class='ocrx_word' id='word_1_150' title='bbox 1278 1427 1403 1462; x_wconf 88' lang='lat' dir='ltr'>cura</span> <span class='ocrx_word' id='word_1_151' title='bbox 1453 1412 1744 1464; x_wconf 88' lang='lat' dir='ltr'>scrutabor.</span> 
     </span>
     <span class='ocr_line' id='line_1_19' title="bbox 131 1478 1748 1550; baseline 0.001 -18"><span class='ocrx_word' id='word_1_152' title='bbox 131 1479 215 1532; x_wconf 86' lang='lat' dir='ltr'>Ex</span> <span class='ocrx_word' id='word_1_153' title='bbox 251 1481 403 1547; x_wconf 87' lang='lat' dir='ltr'>parte</span> <span class='ocrx_word' id='word_1_154' title='bbox 442 1478 586 1530; x_wconf 85' lang='lat' dir='ltr'>enim</span> <span class='ocrx_word' id='word_1_155' title='bbox 622 1478 759 1530; x_wconf 85' lang='lat' dir='ltr'>bene</span> <span class='ocrx_word' id='word_1_156' title='bbox 798 1495 979 1546; x_wconf 80' lang='lat' dir='ltr'>sper03</span> <span class='ocrx_word' id='word_1_157' title='bbox 1029 1496 1156 1530; x_wconf 87' lang='lat' dir='ltr'>nam</span> <span class='ocrx_word' id='word_1_158' title='bbox 1204 1497 1568 1549; x_wconf 88' lang='lat' dir='ltr'>quaecumque</span> <span class='ocrx_word' id='word_1_159' title='bbox 1606 1481 1748 1550; x_wconf 88' lang='lat' dir='ltr'>apud</span> 
     </span>
     <span class='ocr_line' id='line_1_20' title="bbox 131 1547 1746 1619; baseline 0.002 -18"><span class='ocrx_word' id='word_1_160' title='bbox 131 1550 282 1602; x_wconf 89' lang='lat' dir='ltr'>illam</span> <span class='ocrx_word' id='word_1_161' title='bbox 318 1551 411 1601; x_wconf 91' lang='lat' dir='ltr'>aut</span> <span class='ocrx_word' id='word_1_162' title='bbox 446 1566 580 1617; x_wconf 90' lang='lat' dir='ltr'>puer</span> <span class='ocrx_word' id='word_1_163' title='bbox 617 1552 710 1600; x_wconf 90' lang='lat' dir='ltr'>aut</span> <span class='ocrx_word' id='word_1_164' title='bbox 760 1548 970 1600; x_wconf 88' lang='lat' dir='ltr'>iuuenis</span> <span class='ocrx_word' id='word_1_165' title='bbox 1019 1547 1263 1617; x_wconf 88' lang='lat' dir='ltr'>deposui,</span> <span class='ocrx_word' id='word_1_166' title='bbox 1314 1552 1466 1619; x_wconf 90' lang='lat' dir='ltr'>quasi</span> <span class='ocrx_word' id='word_1_167' title='bbox 1511 1552 1746 1605; x_wconf 85' lang='lat' dir='ltr'>recentia</span> 
     </span>
     <span class='ocr_line' id='line_1_21' title="bbox 102 1618 1807 1691; baseline 0.002 -18"><span class='ocrx_word' id='word_1_168' title='bbox 102 1624 225 1673; x_wconf 60' lang='lat' dir='ltr'>‘aut</span> <span class='ocrx_word' id='word_1_169' title='bbox 260 1619 420 1672; x_wconf 90' lang='lat' dir='ltr'>modo</span> <span class='ocrx_word' id='word_1_170' title='bbox 459 1618 641 1671; x_wconf 84' lang='lat' dir='ltr'>audita</span> <span class='ocrx_word' id='word_1_171' title='bbox 679 1619 792 1671; x_wconf 91' lang='lat' dir='ltr'>sine</span> <span class='ocrx_word' id='word_1_172' title='bbox 831 1619 1172 1671; x_wconf 83' lang='lat' dir='ltr'>cunctatione</span> <span class='ocrx_word' id='word_1_173' title='bbox 1203 1621 1435 1688; x_wconf 88' lang='lat' dir='ltr'>profert:</span> <span class='ocrx_word' id='word_1_174' title='bbox 1474 1626 1530 1674; x_wconf 90' lang='lat' dir='ltr'>at</span> <span class='ocrx_word' id='word_1_175' title='bbox 1567 1623 1612 1674; x_wconf 91' lang='lat' dir='ltr'>si</span> <span class='ocrx_word' id='word_1_176' title='bbox 1639 1641 1743 1691; x_wconf 90' lang='lat' dir='ltr'>qua</span> <span class='ocrx_word' id='word_1_177' title='bbox 1768 1645 1807 1676; x_wconf 78' lang='lat'>20</span> 
     </span>
     <span class='ocr_line' id='line_1_22' title="bbox 129 1689 1747 1760; baseline 0.001 -17"><span class='ocrx_word' id='word_1_178' title='bbox 129 1691 211 1743; x_wconf 90' lang='lat' dir='ltr'>illi</span> <span class='ocrx_word' id='word_1_179' title='bbox 248 1691 392 1743; x_wconf 88' lang='lat' dir='ltr'>intra</span> <span class='ocrx_word' id='word_1_180' title='bbox 436 1689 708 1757; x_wconf 87' lang='lat' dir='ltr'>proximos</span> <span class='ocrx_word' id='word_1_181' title='bbox 757 1706 926 1741; x_wconf 86' lang='lat' dir='ltr'>annos</span> <span class='ocrx_word' id='word_1_182' title='bbox 973 1690 1240 1757; x_wconf 87' lang='lat' dir='ltr'>commisi,</span> <span class='ocrx_word' id='word_1_183' title='bbox 1290 1691 1365 1743; x_wconf 93' lang='lat' dir='ltr'>sic</span> <span class='ocrx_word' id='word_1_184' title='bbox 1412 1691 1644 1760; x_wconf 88' lang='lat' dir='ltr'>perdidit</span> <span class='ocrx_word' id='word_1_185' title='bbox 1693 1697 1747 1746; x_wconf 91' lang='lat' dir='ltr'>et</span> 
     </span>
     <span class='ocr_line' id='line_1_23' title="bbox 130 1759 1746 1829; baseline 0.001 -15"><span class='ocrx_word' id='word_1_186' title='bbox 130 1761 332 1829; x_wconf 90' lang='lat' dir='ltr'>amisit,</span> <span class='ocrx_word' id='word_1_187' title='bbox 370 1763 433 1813; x_wconf 94' lang='lat' dir='ltr'>ut</span> <span class='ocrx_word' id='word_1_188' title='bbox 470 1760 677 1813; x_wconf 88' lang='lat' dir='ltr'>etiamsi</span> <span class='ocrx_word' id='word_1_189' title='bbox 715 1759 926 1828; x_wconf 87' lang='lat' dir='ltr'>saepius</span> <span class='ocrx_word' id='word_1_190' title='bbox 951 1759 1290 1829; x_wconf 84' lang='lat' dir='ltr'>ingerantur,</span> <span class='ocrx_word' id='word_1_191' title='bbox 1329 1763 1530 1815; x_wconf 85' lang='lat' dir='ltr'>totiens</span> <span class='ocrx_word' id='word_1_192' title='bbox 1564 1766 1746 1815; x_wconf 91' lang='lat' dir='ltr'>tamen</span> 
     </span>
    </p>

    <p class='ocr_par' dir='ltr' id='par_1_4' title="bbox 71 1829 1890 2252">
     <span class='ocr_line' id='line_1_24' title="bbox 71 1829 1744 1902; baseline 0 -16"><span class='ocrx_word' id='word_1_193' title='bbox 71 1841 105 1887; x_wconf 88' lang='grc'>4</span> <span class='ocrx_word' id='word_1_194' title='bbox 129 1834 388 1900; x_wconf 87' lang='lat' dir='ltr'>tanquam</span> <span class='ocrx_word' id='word_1_195' title='bbox 434 1849 578 1883; x_wconf 91' lang='lat' dir='ltr'>noua</span> <span class='ocrx_word' id='word_1_196' title='bbox 625 1829 852 1882; x_wconf 86' lang='lat' dir='ltr'>audiam.</span> <span class='ocrx_word' id='word_1_197' title='bbox 934 1829 1018 1882; x_wconf 89' lang='lat' dir='ltr'>Ita</span> <span class='ocrx_word' id='word_1_198' title='bbox 1067 1848 1132 1882; x_wconf 87' lang='lat' dir='ltr'>ex</span> <span class='ocrx_word' id='word_1_199' title='bbox 1178 1834 1437 1885; x_wconf 90' lang='lat' dir='ltr'>memoria</span> <span class='ocrx_word' id='word_1_200' title='bbox 1484 1837 1744 1902; x_wconf 89' lang='lat' dir='ltr'>quantum</span> 
     </span>
     <span class='ocr_line' id='line_1_25' title="bbox 129 1901 1744 1968; baseline 0.001 -13"><span class='ocrx_word' id='word_1_201' title='bbox 129 1903 284 1955; x_wconf 91' lang='lat' dir='ltr'>uobis</span> <span class='ocrx_word' id='word_1_202' title='bbox 323 1902 450 1954; x_wconf 90' lang='lat' dir='ltr'>satis</span> <span class='ocrx_word' id='word_1_203' title='bbox 489 1902 558 1954; x_wconf 87' lang='lat' dir='ltr'>sit</span> <span class='ocrx_word' id='word_1_204' title='bbox 595 1903 857 1968; x_wconf 89' lang='lat' dir='ltr'>superest:</span> <span class='ocrx_word' id='word_1_205' title='bbox 906 1918 1080 1968; x_wconf 89' lang='lat' dir='ltr'>neque</span> <span class='ocrx_word' id='word_1_206' title='bbox 1127 1901 1271 1953; x_wconf 92' lang='lat' dir='ltr'>enim</span> <span class='ocrx_word' id='word_1_207' title='bbox 1319 1901 1382 1954; x_wconf 91' lang='lat' dir='ltr'>de</span> <span class='ocrx_word' id='word_1_208' title='bbox 1420 1903 1504 1955; x_wconf 89' lang='lat' dir='ltr'>his</span> <span class='ocrx_word' id='word_1_209' title='bbox 1541 1922 1626 1956; x_wconf 90' lang='lat' dir='ltr'>me</span> <span class='ocrx_word' id='word_1_210' title='bbox 1664 1904 1744 1956; x_wconf 91' lang='lat' dir='ltr'>in-</span> 
     </span>
     <span class='ocr_line' id='line_1_26' title="bbox 127 1969 1890 2042; baseline 0.002 -17"><span class='ocrx_word' id='word_1_211' title='bbox 127 1973 414 2042; x_wconf 83' lang='lat' dir='ltr'>terrogatis</span> <span class='ocrx_word' id='word_1_212' title='bbox 453 1989 587 2040; x_wconf 87' lang='lat' dir='ltr'>quos</span> <span class='ocrx_word' id='word_1_213' title='bbox 625 1971 728 2039; x_wconf 89' lang='lat' dir='ltr'>ipsi</span> <span class='ocrx_word' id='word_1_214' title='bbox 766 1969 1012 2038; x_wconf 82' lang='lat' dir='ltr'>audistiS,</span> <span class='ocrx_word' id='word_1_215' title='bbox 1058 1971 1150 2024; x_wconf 90' lang='lat' dir='ltr'>sed</span> <span class='ocrx_word' id='word_1_216' title='bbox 1187 1971 1250 2024; x_wconf 91' lang='lat' dir='ltr'>de</span> <span class='ocrx_word' id='word_1_217' title='bbox 1288 1971 1371 2025; x_wconf 91' lang='lat' dir='ltr'>his</span> <span class='ocrx_word' id='word_1_218' title='bbox 1412 1974 1504 2042; x_wconf 92' lang='lat' dir='ltr'>qui</span> <span class='ocrx_word' id='word_1_219' title='bbox 1542 1973 1609 2026; x_wconf 90' lang='lat' dir='ltr'>ad</span> <span class='ocrx_word' id='word_1_220' title='bbox 1646 1992 1742 2027; x_wconf 92' lang='lat' dir='ltr'>uos</span> <span class='ocrx_word' id='word_1_221' title='bbox 1767 1996 1806 2028; x_wconf 83' lang='lat'>25</span> <span class='ocrx_word' id='word_1_222' title='bbox 1885 1989 1890 2027; x_wconf 64' lang='grc' dir='ltr'>ἑ</span> 
     </span>
     <span class='ocr_line' id='line_1_27' title="bbox 128 2030 1890 2111; baseline 0.001 -16"><span class='ocrx_word' id='word_1_223' title='bbox 128 2061 296 2111; x_wconf 88' lang='lat' dir='ltr'>usque</span> <span class='ocrx_word' id='word_1_224' title='bbox 333 2061 447 2095; x_wconf 89' lang='lat' dir='ltr'>non</span> <span class='ocrx_word' id='word_1_225' title='bbox 478 2044 856 2110; x_wconf 89' lang='lat' dir='ltr'>peruenerunt.</span> <span class='ocrx_word' id='word_1_226' title='bbox 932 2040 1055 2094; x_wconf 89' lang='lat' dir='ltr'>Fiat</span> <span class='ocrx_word' id='word_1_227' title='bbox 1093 2041 1235 2111; x_wconf 91' lang='lat' dir='ltr'>quod</span> <span class='ocrx_word' id='word_1_228' title='bbox 1272 2043 1460 2096; x_wconf 88' lang='lat' dir='ltr'>uultis:</span> <span class='ocrx_word' id='word_1_229' title='bbox 1499 2045 1744 2097; x_wconf 91' lang='lat' dir='ltr'>mittatur</span> <span class='ocrx_word' id='word_1_230' title='bbox 1885 2030 1890 2056; x_wconf 72' lang='lat'><strong>¹</strong></span> 
     </span>
     <span class='ocr_line' id='line_1_28' title="bbox 129 2111 1742 2183; baseline 0.001 -18"><span class='ocrx_word' id='word_1_231' title='bbox 129 2131 291 2166; x_wconf 80' lang='lat' dir='ltr'>senex</span> <span class='ocrx_word' id='word_1_232' title='bbox 327 2114 386 2165; x_wconf 89' lang='lat' dir='ltr'>in</span> <span class='ocrx_word' id='word_1_233' title='bbox 422 2113 607 2165; x_wconf 80' lang='lat' dir='ltr'>scolas,</span> <span class='ocrx_word' id='word_1_234' title='bbox 682 2111 824 2163; x_wconf 92' lang='lat' dir='ltr'>Illud</span> <span class='ocrx_word' id='word_1_235' title='bbox 859 2128 1074 2164; x_wconf 90' lang='lat' dir='ltr'>necesse</span> <span class='ocrx_word' id='word_1_236' title='bbox 1113 2115 1194 2165; x_wconf 89' lang='lat' dir='ltr'>est</span> <span class='ocrx_word' id='word_1_237' title='bbox 1230 2113 1519 2183; x_wconf 82' lang='lat' dir='ltr'>inpetrem,</span> <span class='ocrx_word' id='word_1_238' title='bbox 1557 2132 1626 2167; x_wconf 89' lang='lat' dir='ltr'>ne</span> <span class='ocrx_word' id='word_1_239' title='bbox 1656 2133 1742 2167; x_wconf 89' lang='lat' dir='ltr'>me</span> 
     </span>
     <span class='ocr_line' id='line_1_29' title="bbox 129 2180 1741 2252; baseline 0.001 -16"><span class='ocrx_word' id='word_1_240' title='bbox 129 2184 281 2252; x_wconf 88' lang='lat' dir='ltr'>quasi</span> <span class='ocrx_word' id='word_1_241' title='bbox 319 2187 522 2236; x_wconf 90' lang='lat' dir='ltr'>certum</span> <span class='ocrx_word' id='word_1_242' title='bbox 560 2183 793 2250; x_wconf 89' lang='lat' dir='ltr'>aliquem</span> <span class='ocrx_word' id='word_1_243' title='bbox 832 2180 1073 2234; x_wconf 91' lang='lat' dir='ltr'>ordinem</span> <span class='ocrx_word' id='word_1_244' title='bbox 1109 2182 1288 2235; x_wconf 88' lang='lat' dir='ltr'>uelitis</span> <span class='ocrx_word' id='word_1_245' title='bbox 1327 2185 1477 2252; x_wconf 92' lang='lat' dir='ltr'>sequi</span> <span class='ocrx_word' id='word_1_246' title='bbox 1522 2185 1581 2236; x_wconf 88' lang='lat' dir='ltr'>in</span> <span class='ocrx_word' id='word_1_247' title='bbox 1617 2203 1741 2238; x_wconf 89' lang='lat' dir='ltr'>con-</span> 
     </span>
    </p>

    <p class='ocr_par' dir='ltr' id='par_1_5' title="bbox 85 2253 1803 2392">
     <span class='ocr_line' id='line_1_30' title="bbox 85 2253 1742 2324; baseline 0.001 -18"><span class='ocrx_word' id='word_1_248' title='bbox 85 2260 88 2265; x_wconf 73' lang='lat'><strong><em>‘</em></strong></span> <span class='ocrx_word' id='word_1_249' title='bbox 127 2253 402 2306; x_wconf 87' lang='lat' dir='ltr'>trahendis</span> <span class='ocrx_word' id='word_1_250' title='bbox 440 2271 576 2321; x_wconf 90' lang='lat' dir='ltr'>quae</span> <span class='ocrx_word' id='word_1_251' title='bbox 613 2253 746 2304; x_wconf 90' lang='lat' dir='ltr'>mihi</span> <span class='ocrx_word' id='word_1_252' title='bbox 786 2256 1090 2305; x_wconf 90' lang='lat' dir='ltr'>occurrent:</span> <span class='ocrx_word' id='word_1_253' title='bbox 1130 2271 1343 2306; x_wconf 89' lang='lat' dir='ltr'>necesse</span> <span class='ocrx_word' id='word_1_254' title='bbox 1371 2258 1451 2307; x_wconf 87' lang='lat' dir='ltr'>est</span> <span class='ocrx_word' id='word_1_255' title='bbox 1477 2256 1620 2308; x_wconf 91' lang='lat' dir='ltr'>enim</span> <span class='ocrx_word' id='word_1_256' title='bbox 1645 2274 1742 2324; x_wconf 90' lang='lat' dir='ltr'>per</span> 
     </span>
     <span class='ocr_line' id='line_1_31' title="bbox 128 2323 1803 2392; baseline 0.002 -16"><span class='ocrx_word' id='word_1_257' title='bbox 128 2324 308 2377; x_wconf 89' lang='lat' dir='ltr'>omnia</span> <span class='ocrx_word' id='word_1_258' title='bbox 345 2323 519 2376; x_wconf 87' lang='lat' dir='ltr'>studia</span> <span class='ocrx_word' id='word_1_259' title='bbox 565 2341 683 2375; x_wconf 92' lang='lat' dir='ltr'>mea</span> <span class='ocrx_word' id='word_1_260' title='bbox 721 2340 891 2375; x_wconf 86' lang='lat' dir='ltr'>errem</span> <span class='ocrx_word' id='word_1_261' title='bbox 938 2326 991 2375; x_wconf 91' lang='lat' dir='ltr'>et</span> <span class='ocrx_word' id='word_1_262' title='bbox 1036 2324 1235 2392; x_wconf 90' lang='lat' dir='ltr'>passim</span> <span class='ocrx_word' id='word_1_263' title='bbox 1273 2325 1533 2392; x_wconf 89' lang='lat' dir='ltr'>quidquid</span> <span class='ocrx_word' id='word_1_264' title='bbox 1581 2327 1739 2379; x_wconf 93' lang='lat' dir='ltr'>obue-</span> <span class='ocrx_word' id='word_1_265' title='bbox 1762 2348 1803 2380; x_wconf 88' lang='lat'>30</span> 
     </span>
    </p>
   </div>
   <div class='ocr_carea' id='block_1_3' title="bbox 123 2491 1741 2928">
    <p class='ocr_par' dir='ltr' id='par_1_6' title="bbox 123 2491 1741 2928">
     <span class='ocr_line' id='line_1_32' title="bbox 239 2491 1740 2548; baseline 0.001 -13"><span class='ocrx_word' id='word_1_266' title='bbox 239 2497 263 2535; x_wconf 82' lang='lat'>2</span> <span class='ocrx_word' id='word_1_267' title='bbox 295 2495 437 2547; x_wconf 84' lang='lat' dir='ltr'>prima</span> <span class='ocrx_word' id='word_1_268' title='bbox 469 2496 556 2533; x_wconf 78' lang='lat' dir='ltr'>MP</span> <span class='ocrx_word' id='word_1_269' title='bbox 592 2492 608 2547; x_wconf 81' lang='grc'>11</span> <span class='ocrx_word' id='word_1_270' title='bbox 644 2497 669 2536; x_wconf 90' lang='grc'>3</span> <span class='ocrx_word' id='word_1_271' title='bbox 709 2492 957 2546; x_wconf 86' lang='lat' dir='ltr'>aliquando</span> <span class='ocrx_word' id='word_1_272' title='bbox 987 2491 1174 2546; x_wconf 76' lang='lat' dir='ltr'>(adeo)</span> <span class='ocrx_word' id='word_1_273' title='bbox 1212 2494 1283 2535; x_wconf 90' lang='lat' dir='ltr'>W.</span> <span class='ocrx_word' id='word_1_274' title='bbox 1313 2495 1471 2536; x_wconf 73' lang='lat' dir='ltr'>Miiller</span> <span class='ocrx_word' id='word_1_275' title='bbox 1506 2494 1522 2548; x_wconf 85' lang='grc' dir='ltr'>ΙΙ</span> <span class='ocrx_word' id='word_1_276' title='bbox 1558 2497 1584 2537; x_wconf 92' lang='grc'><strong>6</strong></span> <span class='ocrx_word' id='word_1_277' title='bbox 1615 2496 1740 2537; x_wconf 83' lang='lat' dir='ltr'>dicta</span> 
     </span>
     <span class='ocr_line' id='line_1_33' title="bbox 123 2549 1740 2607; baseline -0.001 -15"><span class='ocrx_word' id='word_1_278' title='bbox 123 2564 202 2594; x_wconf 86' lang='lat' dir='ltr'>om.</span> <span class='ocrx_word' id='word_1_279' title='bbox 232 2553 306 2590; x_wconf 77' lang='lat' dir='ltr'>Ma</span> <span class='ocrx_word' id='word_1_280' title='bbox 326 2549 342 2604; x_wconf 82' lang='grc' dir='ltr'>ΙΙ</span> <span class='ocrx_word' id='word_1_281' title='bbox 366 2553 389 2592; x_wconf 80' lang='grc'>7</span> <span class='ocrx_word' id='word_1_282' title='bbox 418 2564 566 2592; x_wconf 88' lang='lat' dir='ltr'>meum</span> <span class='ocrx_word' id='word_1_283' title='bbox 595 2552 662 2600; x_wconf 78' lang='lat' dir='ltr'>M,</span> <span class='ocrx_word' id='word_1_284' title='bbox 693 2563 808 2592; x_wconf 82' lang='lat' dir='ltr'>corr.</span> <span class='ocrx_word' id='word_1_285' title='bbox 837 2549 1016 2595; x_wconf 83' lang='lat' dir='ltr'>Vsener,</span> <span class='ocrx_word' id='word_1_286' title='bbox 1057 2550 1128 2591; x_wconf 89' lang='lat' dir='ltr'>W.</span> <span class='ocrx_word' id='word_1_287' title='bbox 1154 2550 1313 2591; x_wconf 69' lang='lat' dir='ltr'>Milller</span> <span class='ocrx_word' id='word_1_288' title='bbox 1334 2549 1349 2604; x_wconf 89' lang='grc' dir='ltr'>ΙΙ</span> <span class='ocrx_word' id='word_1_289' title='bbox 1377 2553 1404 2593; x_wconf 87' lang='grc'>8</span> <span class='ocrx_word' id='word_1_290' title='bbox 1434 2564 1593 2593; x_wconf 81' lang='lat' dir='ltr'>uersos</span> <span class='ocrx_word' id='word_1_291' title='bbox 1623 2554 1699 2592; x_wconf 73' lang='lat' dir='ltr'>Ma</span> <span class='ocrx_word' id='word_1_292' title='bbox 1726 2551 1740 2607; x_wconf 82' lang='grc' dir='ltr'>Η</span> 
     </span>
     <span class='ocr_line' id='line_1_34' title="bbox 127 2606 1738 2663; baseline 0.002 -16"><span class='ocrx_word' id='word_1_293' title='bbox 127 2609 180 2649; x_wconf 93' lang='grc'>10</span> <span class='ocrx_word' id='word_1_294' title='bbox 212 2607 608 2660; x_wconf 80' lang='lat' dir='ltr'>complectendum</span> <span class='ocrx_word' id='word_1_295' title='bbox 636 2608 669 2646; x_wconf 83' lang='lat' dir='ltr'>P</span> <span class='ocrx_word' id='word_1_296' title='bbox 705 2621 756 2651; x_wconf 81' lang='lat' dir='ltr'>m,</span> <span class='ocrx_word' id='word_1_297' title='bbox 783 2619 878 2658; x_wconf 55' lang='lat' dir='ltr'>pin,</span> <span class='ocrx_word' id='word_1_298' title='bbox 917 2608 962 2646; x_wconf 87' lang='lat' dir='ltr'>in</span> <span class='ocrx_word' id='word_1_299' title='bbox 990 2606 1035 2645; x_wconf 78' lang='grc' dir='ltr'><strong>Μ</strong></span> <span class='ocrx_word' id='word_1_300' title='bbox 1068 2606 1173 2647; x_wconf 72' lang='lat' dir='ltr'>haec</span> <span class='ocrx_word' id='word_1_301' title='bbox 1206 2607 1340 2648; x_wconf 84' lang='lat' dir='ltr'>uerba</span> <span class='ocrx_word' id='word_1_302' title='bbox 1372 2610 1596 2661; x_wconf 81' lang='lat' dir='ltr'>perierunt</span> <span class='ocrx_word' id='word_1_303' title='bbox 1633 2609 1649 2663; x_wconf 81' lang='grc' dir='ltr'>ΙΙ</span> <span class='ocrx_word' id='word_1_304' title='bbox 1687 2613 1738 2652; x_wconf 80' lang='lat'>12</span> 
     </span>
     <span class='ocr_line' id='line_1_35' title="bbox 125 2662 1741 2719; baseline 0.002 -15"><span class='ocrx_word' id='word_1_305' title='bbox 125 2676 398 2716; x_wconf 85' lang='lat' dir='ltr'>acceperam</span> <span class='ocrx_word' id='word_1_306' title='bbox 435 2664 481 2702; x_wconf 75' lang='lat' dir='ltr'>M</span> <span class='ocrx_word' id='word_1_307' title='bbox 516 2662 531 2716; x_wconf 84' lang='grc' dir='ltr'>ΙΙ</span> <span class='ocrx_word' id='word_1_308' title='bbox 566 2664 698 2704; x_wconf 84' lang='lat' dir='ltr'>uerba</span> <span class='ocrx_word' id='word_1_309' title='bbox 737 2662 919 2703; x_wconf 84' lang='lat' dir='ltr'>solebat</span> <span class='ocrx_word' id='word_1_310' title='bbox 954 2663 999 2704; x_wconf 91' lang='lat' dir='ltr'>b.</span> <span class='ocrx_word' id='word_1_311' title='bbox 1041 2662 1074 2702; x_wconf 86' lang='lat' dir='ltr'>f.</span> <span class='ocrx_word' id='word_1_312' title='bbox 1116 2675 1218 2704; x_wconf 86' lang='lat' dir='ltr'>esse</span> <span class='ocrx_word' id='word_1_313' title='bbox 1258 2677 1366 2717; x_wconf 83' lang='lat' dir='ltr'>quae</span> <span class='ocrx_word' id='word_1_314' title='bbox 1405 2666 1450 2705; x_wconf 83' lang='lat' dir='ltr'>in</span> <span class='ocrx_word' id='word_1_315' title='bbox 1487 2665 1606 2706; x_wconf 72' lang='lat' dir='ltr'>libris</span> <span class='ocrx_word' id='word_1_316' title='bbox 1638 2675 1741 2719; x_wconf 80' lang='lat' dir='ltr'>post</span> 
     </span>
     <span class='ocr_line' id='line_1_36' title="bbox 123 2719 1739 2774; baseline 0.002 -14"><span class='ocrx_word' id='word_1_317' title='bbox 123 2720 322 2773; x_wconf 82' lang='lat' dir='ltr'>repetiui</span> <span class='ocrx_word' id='word_1_318' title='bbox 351 2722 379 2763; x_wconf 86' lang='lat' dir='ltr'>l.</span> <span class='ocrx_word' id='word_1_319' title='bbox 412 2721 464 2760; x_wconf 89' lang='grc'>16</span> <span class='ocrx_word' id='word_1_320' title='bbox 493 2723 688 2772; x_wconf 64' lang='lat' dir='ltr'>leguntur</span> <span class='ocrx_word' id='word_1_321' title='bbox 717 2719 796 2760; x_wconf 76' lang='lat' dir='ltr'>hue</span> <span class='ocrx_word' id='word_1_322' title='bbox 832 2721 1098 2771; x_wconf 75' lang='lat' dir='ltr'>transposuit</span> <span class='ocrx_word' id='word_1_323' title='bbox 1125 2720 1176 2762; x_wconf 79' lang='lat' dir='ltr'>R.</span> <span class='ocrx_word' id='word_1_324' title='bbox 1217 2721 1488 2761; x_wconf 73' lang='lat' dir='ltr'>Waeksmutlz</span> <span class='ocrx_word' id='word_1_325' title='bbox 1517 2719 1533 2774; x_wconf 89' lang='grc' dir='ltr'>ΙΙ</span> <span class='ocrx_word' id='word_1_326' title='bbox 1564 2724 1616 2763; x_wconf 85' lang='grc'>13</span> <span class='ocrx_word' id='word_1_327' title='bbox 1646 2724 1739 2763; x_wconf 83' lang='lat' dir='ltr'>iam</span> 
     </span>
     <span class='ocr_line' id='line_1_37' title="bbox 125 2774 1737 2832; baseline 0.001 -15"><span class='ocrx_word' id='word_1_328' title='bbox 125 2779 282 2817; x_wconf 79' lang='lat' dir='ltr'>aetate</span> <span class='ocrx_word' id='word_1_329' title='bbox 313 2778 359 2815; x_wconf 80' lang='lat' dir='ltr'>M</span> <span class='ocrx_word' id='word_1_330' title='bbox 389 2774 487 2828; x_wconf 81' lang='lat' dir='ltr'>(sed</span> <span class='ocrx_word' id='word_1_331' title='bbox 513 2777 605 2816; x_wconf 85' lang='lat' dir='ltr'>iam</span> <span class='ocrx_word' id='word_1_332' title='bbox 635 2777 678 2816; x_wconf 84' lang='lat' dir='ltr'>in</span> <span class='ocrx_word' id='word_1_333' title='bbox 706 2774 813 2827; x_wconf 74' lang='lat' dir='ltr'>ras.)</span> <span class='ocrx_word' id='word_1_334' title='bbox 844 2776 937 2815; x_wconf 89' lang='lat' dir='ltr'>iam</span> <span class='ocrx_word' id='word_1_335' title='bbox 968 2789 1044 2816; x_wconf 88' lang='lat' dir='ltr'>om.</span> <span class='ocrx_word' id='word_1_336' title='bbox 1074 2777 1107 2814; x_wconf 85' lang='lat' dir='ltr'>P</span> <span class='ocrx_word' id='word_1_337' title='bbox 1136 2774 1151 2828; x_wconf 84' lang='grc' dir='ltr'>ΙΙ</span> <span class='ocrx_word' id='word_1_338' title='bbox 1183 2778 1236 2817; x_wconf 86' lang='grc'>14</span> <span class='ocrx_word' id='word_1_339' title='bbox 1266 2789 1444 2829; x_wconf 89' lang='lat' dir='ltr'>quoque</span> <span class='ocrx_word' id='word_1_340' title='bbox 1476 2791 1552 2819; x_wconf 81' lang='lat' dir='ltr'>om.</span> <span class='ocrx_word' id='word_1_341' title='bbox 1585 2780 1618 2817; x_wconf 79' lang='grc' dir='ltr'><strong><em>Ρ</em></strong></span> <span class='ocrx_word' id='word_1_342' title='bbox 1639 2777 1655 2832; x_wconf 87' lang='grc' dir='ltr'>ΙΙ</span> <span class='ocrx_word' id='word_1_343' title='bbox 1685 2782 1737 2820; x_wconf 87' lang='grc'>16</span> 
     </span>
     <span class='ocr_line' id='line_1_38' title="bbox 123 2830 1736 2887; baseline 0.002 -15"><span class='ocrx_word' id='word_1_344' title='bbox 123 2834 337 2885; x_wconf 86' lang='lat' dir='ltr'>repeteui</span> <span class='ocrx_word' id='word_1_345' title='bbox 367 2835 413 2872; x_wconf 77' lang='lat' dir='ltr'>M</span> <span class='ocrx_word' id='word_1_346' title='bbox 442 2832 457 2887; x_wconf 74' lang='grc' dir='ltr'>ΙΙ</span> <span class='ocrx_word' id='word_1_347' title='bbox 487 2845 606 2873; x_wconf 83' lang='grc'><strong>1111116</strong></span> <span class='ocrx_word' id='word_1_348' title='bbox 637 2834 776 2873; x_wconf 78' lang='lat' dir='ltr'>deleuz·</span> <span class='ocrx_word' id='word_1_349' title='bbox 802 2830 817 2884; x_wconf 83' lang='grc' dir='ltr'>ΙΙ</span> <span class='ocrx_word' id='word_1_350' title='bbox 855 2833 908 2874; x_wconf 78' lang='grc'>23</span> <span class='ocrx_word' id='word_1_351' title='bbox 938 2834 1157 2873; x_wconf 83' lang='lat' dir='ltr'>memoria</span> <span class='ocrx_word' id='word_1_352' title='bbox 1187 2846 1289 2873; x_wconf 90' lang='lat' dir='ltr'>mea</span> <span class='ocrx_word' id='word_1_353' title='bbox 1318 2833 1352 2871; x_wconf 87' lang='lat' dir='ltr'>P</span> <span class='ocrx_word' id='word_1_354' title='bbox 1382 2832 1398 2887; x_wconf 78' lang='grc' dir='ltr'>ΙΙ</span> <span class='ocrx_word' id='word_1_355' title='bbox 1428 2837 1479 2876; x_wconf 81' lang='grc'><strong>26</strong></span> <span class='ocrx_word' id='word_1_356' title='bbox 1511 2847 1736 2887; x_wconf 87' lang='lat' dir='ltr'>peruene-</span> 
     </span>
     <span class='ocr_line' id='line_1_39' title="bbox 124 2889 276 2928; baseline -0.007 -1"><span class='ocrx_word' id='word_1_357' title='bbox 124 2889 215 2928; x_wconf 76' lang='lat' dir='ltr'>rint</span> <span class='ocrx_word' id='word_1_358' title='bbox 244 2889 276 2926; x_wconf 85' lang='lat' dir='ltr'>P</span> 
     </span>
    </p>
   </div>
  </div>
 </body>
</html>
