1898 3054
794 111 1150 156 PRAEFATIO.
1676 119 1788 158 XIII

167 259 212 302 p.
233 246 342 296 68‚4
370 245 605 285 ultimorum
636 255 693 284 ex
723 243 1012 283 alimentorum
1040 237 1289 290 repetitum
1321 249 1423 279 esse
1454 235 1653 279 uidetur.

170 328 215 369 p.
235 315 342 366 68,7
373 314 402 355 l.
434 315 539 369 quid
560 314 758 366 sachar-us
787 312 862 353 es?

172 399 218 440 p.
233 386 367 437 68,22
398 397 459 425 an
485 384 661 436 faciam,
693 383 808 437 quod
834 383 974 423 uoltus
1003 391 1168 434 quoque
1197 392 1239 419 u.
1271 378 1344 418 hx?

171 470 214 510 p.
241 457 378 508 69,19
409 454 608 496 fortasse
638 453 894 494 Misericors
922 464 1025 501 sum,
1058 463 1142 492 non
1170 450 1278 491 uitio
1296 453 1491 502 patrum.-
1522 443 1618 500 (o)
1645 448 1686 488 si
1713 460 1792 487 na-

428 530 566 566 turam
594 527 758 564 mutare
786 523 1044 575 potuissem?

172 610 216 650 p.
237 598 305 646 70,
316 597 371 637 22
400 594 531 648 lege:
563 597 637 635 at
664 595 748 635 nisi
775 593 1063 645 impetrauero
1093 595 1139 631 ut
1175 589 1276 631 boui
1303 587 1473 641 fratre&
1501 590 1609 636 sint,
1639 584 1792 639 (non)

424 664 661 719 impetrabo
692 676 745 705 ne
774 664 875 704 mali
899 666 1053 715 patres
1081 661 1180 702 sint.

172 751 219 792 p.
242 738 375 788 73,22
406 736 634 777 ‘fortasse
678 736 908 788 praestatz
952 734 1024 774 ille
1053 733 1250 773 alimenta
1288 729 1460 772 audebit
1502 730 1681 783 rogare’
1721 727 1795 772 W.

428 805 611 858 Miiller,
643 807 720 846 cui
749 805 863 846 item
883 803 931 844 in
952 807 1151 844 mentem
1171 801 1303 843 uenit
1329 803 1436 854 post
1463 810 1623 853 roqare
1653 801 1795 841 immo

429 876 732 926 intercidisse,
764 878 812 917 et
837 888 886 927 p.
910 875 978 925 77,
990 875 1046 914 23
1075 873 1171 913 kuic
1201 883 1304 913 esse
1336 869 1652 925 supplendum.

174 962 219 1002 p.
238 949 308 999 77,
318 949 346 990 8
375 947 503 1001 lege:
540 961 597 988 an
624 947 858 1000 patiemini.

174 1032 216 1073 p.
241 1019 375 1071 79,15
406 1031 489 1059 an:
519 1019 580 1059 ad
608 1024 650 1058 te
678 1016 884 1058 arbitrum
914 1015 1176 1056 discordiam
1205 1018 1394 1061 nostram
1423 1024 1507 1054 non
1535 998 1760 1052 minimis?

174 1104 219 1143 p.
240 1090 381 1141 91,16
409 1089 536 1141 lego:
574 1094 616 1129 et
649 1101 733 1141 per
771 1087 850 1128 hoc
885 1087 948 1127 illi
983 1086 1187 1126 inlaesam
1222 1083 1470 1136 pudicitiam
1507 1082 1669 1141 efferre
1699 1093 1798 1122 con·

433 1160 539 1213 cipit.
595 1163 802 1200 'ceterum
850 1157 969 1198 haec
1018 1155 1162 1196 uerba
1213 1156 1320 1207 post
1363 1155 1582 1194 adtulerat
1627 1149 1686 1204 (l.
1718 1149 1796 1204 19)

430 1228 779 1283 transponenda
809 1240 911 1269 esse
944 1229 1108 1268 censet
1135 1225 1207 1267 W.
1238 1222 1421 1268 Miiller.

176 1315 219 1356 p.
245 1302 406 1354 109,27
439 1313 500 1342 an
529 1296 718 1354 (atqui)
748 1299 851 1353 quid
879 1299 1089 1339 interest?

178 1385 222 1426 p.
253 1373 413 1423 115‚21
443 1384 544 1412 suas
572 1372 648 1411 illa
678 1376 788 1412 amet
816 1369 889 1411 W.
919 1367 1096 1409 Miiller.

178 1456 222 1497 p.
246 1443 408 1490 115,27
440 1455 524 1483 an:
555 1455 654 1496 quo,
688 1453 847 1495 quaeso
866 1437 1055 1490 infelix?

179 1526 224 1567 p.
249 1514 379 1563 118,5
405 1525 490 1566 per
518 1518 687 1565 patrem
718 1512 912 1566 quodque
941 1509 1230 1550 iusiurandum
1262 1506 1440 1548 Sander
1469 1505 1499 1550 l.
1531 1505 1562 1549 1.
1591 1519 1638 1560 p.
1660 1506 1730 1547 30.

180 1596 224 1637 p.
249 1584 383 1636 121,2
414 1583 612 1624 fortasse
642 1584 876 1635 praestat:
910 1586 955 1621 at
985 1585 1102 1621 certe
1128 1591 1285 1632 parum
1314 1583 1393 1619 est.

177 1667 222 1708 p.
245 1654 406 1704 129,21
436 1666 484 1695 ee
513 1655 785 1706 praeclarum
814 1653 999 1693 colorem
1028 1650 1103 1691 W.
1136 1648 1317 1692 Miiller.

178 1737 223 1777 p.
247 1725 412 1776 137,16
441 1725 623 1777 amplius
651 1724 860 1776 pugnauit
890 1736 1013 1777 quam
1043 1733 1216 1764 neeesse
1243 1720 1331 1772 fuit
1360 1716 1539 1759 Sander
1570 1716 1653 1763 l.1.
1675 1716 1803 1770 p.2l.

179 1809 222 1849 p.
245 1796 405 1845 151‚16
437 1806 520 1836 an:
556 1794 659 1835 Tam
686 1795 886 1835 uidelicet
914 1793 1161 1846 conpositus
1194 1823 1204 1833 .
1229 1819 1240 1831 .
1264 1820 1275 1830 .
1307 1790 1498 1831 animus?

179 1878 224 1919 p.
249 1866 379 1917 159,1
413 1878 512 1918 sqq.
555 1864 719 1906 nerbas
756 1863 1131 1918 corruptissimas
1160 1862 1358 1903 fortasse
1403 1859 1564 1901 subest
1608 1857 1804 1900 imitatio

436 1934 629 1978 Salustii
658 1934 780 1989 apud
810 1933 1066 1976 charisium
1097 1931 1159 1987 (p.
1191 1933 1273 1974 195
1304 1929 1402 1983 K.):
1444 1943 1528 1971 non
1557 1935 1603 1970 tu
1631 1930 1718 1970 seis
1746 1930 1804 1970 si·

436 2019 543 2060 quas
573 2007 705 2048 aedes
725 2006 835 2059 ienis
854 2009 953 2058 cept
973 2005 1152 2055 aeriter,
1183 2002 1302 2044 haud
1316 2002 1472 2054 faciles
1492 2006 1589 2042 sunt
1605 2000 1801 2052 defensa,

437 2080 538 2133 quin
568 2076 859 2119 conburamur
887 2075 1157 2128 proxumae?

183 2161 226 2203 p.
252 2149 384 2200 167,3
415 2149 462 2190 in
494 2149 725 2203 corruptis
755 2144 1000 2188 uocabulis
1030 2158 1114 2187 non
1145 2146 1257 2198 leget
1297 2144 1498 2185 fortasse
1530 2139 1647 2183 nihil
1679 2138 1808 2182 aliud

255 2206 261 2215 .
436 2218 556 2260 latet
584 2219 674 2259 nini
705 2223 845 2272 neqet.

182 2290 411 2343 p.183,12
443 2288 651 2331 codicum
697 2289 948 2342 scriptura:
995 2300 1080 2329 non
1118 2293 1182 2328 est
1223 2286 1428 2339 fortunae
1471 2296 1588 2326 meae
1634 2283 1806 2338 roqari:

437 2373 546 2402 nuno
574 2372 654 2414 eqo
685 2372 843 2412 rooare
873 2358 1100 2401 debueram
1130 2358 1290 2411 utique
1319 2355 1581 2410 reponenda
1613 2358 1698 2397 est.

185 2443 227 2483 p.
252 2431 384 2481 187,2
415 2430 519 2485 lege
550 2432 665 2472 uitae
695 2431 940 2484 mortisque.

185 2515 229 2555 p.
255 2502 420 2555 194,13
450 2507 677 2556 antequam
705 2501 913 2542 moriatur
943 2498 1120 2541 Sander
1149 2498 1179 2540 l.
1212 2498 1240 2540 Ι.
1271 2512 1315 2553 p.
1336 2499 1407 2541 20.

185 2585 230 2626 p.
258 2573 388 2624 1928
419 2572 521 2626 lege
553 2584 636 2614 non
667 2584 869 2625 quaeram
898 2577 1030 2613 extra
1060 2571 1287 2624 exemplar
1314 2569 1412 2611 sani
1439 2568 1628 2611 hominis.

186 2654 228 2695 p.
250 2644 416 2691 204.10
445 2640 732 2685 Studemund
761 2641 996 2695 proponit:
1029 2642 1183 2695 ecquid
1210 2641 1327 2682 dolui
1355 2652 1464 2694 quae
1495 2640 1673 2693 peperi:
1720 2637 1807 2681 for-

245 2709 261 2738 ⁴
440 2719 568 2755 tense
600 2711 891 2755 scribendum
923 2712 1078 2766 ecquid
1106 2717 1190 2752 tam
1221 2711 1350 2753 dolui.

189 2785 388 2846 p.·205‚5
418 2790 574 2826 tortam
605 2780 716 2836 (et)
746 2788 993 2835 occupatum
1023 2782 1096 2825 W.
1128 2781 1304 2824 Miiller.

188 2867 231 2908 p.
251 2855 349 2903 206,
363 2857 415 2897 10
445 2855 656 2897 eaehauua
684 2851 761 2893 W.
792 2850 957 2894 minor
986 2852 1063 2906 qui
1094 2855 1109 2894 l
1141 2854 1189 2894 11
1223 2853 1421 2896 coniecit
1451 2866 1503 2895 ac
1531 2853 1715 2895 silentio.
