1942 3034
0 0 83 258 '¹⁷
130 85 340 157 p.4o1'B.
501 99 826 143 EXCERPTA
857 67 1157 142 conmov'.
1187 97 1406 169 L-113.v1.
1636 95 1743 151 283

128 244 161 279 a
194 231 347 295 patre
383 225 625 294 accipere
662 242 823 294 quam
860 242 894 277 a
928 223 1094 276 fratre
1130 221 1378 277 uidearis.
1440 222 1562 278 Hoc
1599 225 1744 295 quod

127 297 370 364 honeste,
407 295 551 366 quod
587 295 676 365 pie
701 294 1033 365 gerebamuS,
1068 296 1181 348 tam
1203 293 1384 364 palam
1422 295 1646 364 egimuS,
1683 299 1746 349 ut

127 367 325 436 paterss
361 367 535 420 sciret.
609 365 749 428 Quid
787 365 932 418 enim
969 364 1264 418 timebam?
1309 382 1378 417 ne
1417 365 1462 417 si
1498 366 1744 420 rescisset

127 444 280 506 pater
325 438 548 491 moleste
595 436 762 489 ferret
796 435 967 488 filium
1005 454 1160 488 suum
1205 435 1483 490 hominem
1520 455 1743 490 auarum

85 526 103 555 ⁵
127 526 240 561 non
287 525 428 574 esse,
474 507 695 560 fratrem
740 507 892 575 pium
941 505 1092 559 esse?
1153 505 1238 560 Ita
1281 506 1417 559 mihi
1462 507 1745 578 contingat

124 586 333 647 patrem
371 578 583 646 utrique
621 581 866 630 nostrum
902 576 1119 646 placari.

499 786 1201 856 <CONTROVERSIA
1248 788 1366 858 ΙΙ.)

405 904 570 946 BXVL
601 903 800 945 PATER
830 903 1037 944 FVNDO
1069 902 1458 948 PROHIBITVS.

117 1014 346 1068 Exulem
384 1019 528 1067 tecto
567 1017 622 1066 et
658 1013 778 1067 cibo
818 1013 1004 1066 iuuare
1041 1031 1154 1067 non
1192 1014 1366 1067 liceat.
1442 1014 1740 1085 Inpruden-

56 1103 96 1133 ιο
258 1085 328 1138 tis
365 1084 540 1138 caedis
577 1083 860 1137 damnatus
898 1084 1331 1153 quinquennium
1369 1086 1563 1140 exulet.
1616 1086 1742 1150 Qui-

259 1155 382 1209 dam
431 1174 551 1209 cum
589 1155 760 1207 filium
799 1159 853 1207 et
898 1155 1066 1208 filiam
1103 1155 1351 1223 haberet,
1398 1157 1740 1226 inprudentis

258 1226 433 1279 caedis
480 1225 764 1279 damnatus
810 1226 870 1278 in
917 1225 1164 1278 exsilium
1208 1226 1482 1295 profectus
1531 1229 1740 1284 solebat

258 1297 443 1349 uem're
481 1297 537 1349 in
573 1296 967 1366 possessionem
1004 1297 1241 1349 uicinam
1278 1297 1492 1351 finibus.
1555 1301 1738 1354 resciit

257 1367 359 1420 hoc
398 1367 567 1435 filius,
617 1367 810 1421 cecidit
846 1367 1092 1436 uilicum3
1142 1367 1336 1420 uilicus
1384 1369 1611 1423 exclusit
1645 1389 1737 1440 pa-

54 1453 95 1485 15
256 1448 408 1490 trem.
483 1438 662 1507 coepit
698 1438 775 1490 ire
812 1437 879 1490 ad
916 1437 1099 1491 filiam.
1162 1441 1407 1492 accusata
1444 1439 1553 1509 illa,
1593 1442 1737 1511 quod

257 1508 494 1562 exsulem
531 1508 831 1577 recepisset,
870 1508 1131 1561 aduocato
1158 1508 1325 1562 fratre
1364 1509 1612 1565 absoluta
1636 1517 1734 1567 est.

253 1583 378 1647 post
414 1579 845 1649 quinquennium
882 1582 1036 1648 pater
1073 1579 1285 1632 abdicat
1320 1579 1508 1634 filium.

219 1680 515 1732 Accusator
562 1679 761 1732 ciuium
797 1697 883 1731 me
929 1678 1060 1731 fecit
1096 1679 1332 1747 exulem,
1381 1680 1524 1733 filius
1573 1683 1736 1736 etiam

111 1764 367 1801 meorum.
424 1747 619 1802 Filiam
658 1750 1023 1804 honestiorem
1060 1749 1263 1818 inueni,
1304 1751 1448 1819 quod
1486 1756 1735 1807 accusata

47 1833 89 1865 ω
112 1821 215 1885 est,
276 1836 491 1871 seruum
545 1819 920 1890 frugaliorem,
979 1820 1123 1889 quod
1179 1838 1362 1874 caesus
1419 1825 1514 1876 est.
1589 1822 1732 1877 Male

113 1889 353 1941 meruisti
409 1890 473 1942 de
527 1894 679 1958 patre
727 1909 886 1960 quem
942 1891 1239 1959 exclusisti,
1289 1891 1352 1944 de
1409 1910 1592 1947 sorore
1647 1896 1733 1948 cui

110 1958 436 2027 praeiudicio
474 1961 724 2028 nocuisti,
766 1961 830 2014 de
869 1961 1134 2014 iudicibus
1172 1979 1307 2030 quos
1345 1963 1403 2016 in
1439 1966 1551 2017 tam
1589 1965 1734 2019 bona

109 2029 336 2083 timuisti
384 2048 558 2084 causa.
633 2034 748 2085 Aut
792 2035 852 2085 tu
898 2033 1128 2101 peccasti
1178 2035 1272 2085 aut
1319 2051 1487 2087 soror.
1560 2034 1732 2090 Filius

109 2117 193 2152 me
232 2118 381 2153 meus
419 2101 618 2170 docuit,
658 2102 801 2171 quod
839 2102 992 2156 illum
1031 2121 1143 2156 non
1181 2103 1399 2173 recipio.
1464 2106 1752 2164 Absoluta,

44 2185 87 2217 ω
110 2175 204 2238 est,
244 2170 447 2241 inquid,
485 2190 570 2225 me
609 2172 871 2227 aduocato
910 2192 1079 2227 soror.
1154 2174 1238 2227 Ita
1274 2178 1334 2228 tu
1371 2179 1580 2245 patrem
1617 2195 1731 2231 non

109 2241 214 2293 reci
255 2241 427 2310 iebas,
477 2261 599 2296 cum
636 2247 748 2297 tam
787 2246 922 2298 bene
961 2245 1120 2298 istam
1159 2263 1374 2299 causam
1411 2266 1443 2300 a
1484 2264 1571 2300 ere
1608 2266 1730 2317 pos-

108 2327 190 2362 ses
302 2311 437 2366 Cum
483 2313 730 2368 absoluta
776 2319 857 2368 est
903 2333 1039 2385 quae
1091 2320 1389 2386 receperat,
1479 2322 1729 2373 amnatus

109 2385 189 2432 est
227 2382 320 2461 qui
358 2383 651 2452 expulerat.
726 2385 864 2439 Filia
900 2404 986 2439 me
1023 2391 1232 2456 patrem
1270 2388 1545 2457 iudicauit,
1583 2390 1726 2443 serui

109 2449 411 2520 dommum3
469 2455 563 2507 uni
611 2454 723 2509 filio
773 2456 895 2510 exul
943 2457 1038 2511 fui.
1114 2457 1365 2528 Ignosce,
1419 2458 1726 2514 fidelissime

43 2536 85 2567 ³0
109 2521 462 2591 seruulorum,
499 2527 553 2577 et
588 2524 686 2578 tibi
726 2526 1019 2607 inprudens
1055 2529 1234 2582 nocui.
1313 2526 1485 2591 Quam
1529 2532 1725 2585 bonam

107 2591 220 2644 eius
270 2611 484 2647 causam
530 2599 687 2663 putas
725 2596 889 2651 fuisse
928 2616 1063 2668 quae
1111 2618 1180 2653 ne
1217 2603 1271 2653 te
1310 2601 1525 2669 quidem
1564 2601 1726 2654 aduo-

104 2849 154 2889 31
217 2794 243 2834 3
275 2793 363 2889 12³1?
395 2794 439 2832 Ι
470 2793 485 2845 l!
522 2795 547 2834 6
580 2793 764 2847 placere
794 2796 855 2846 1,
888 2796 1075 2851 placare
1112 2799 1269 2841 Gruter
1298 2797 1390 2853 1124
1423 2814 1492 2843 me
1525 2814 1602 2842 om.
1636 2802 1681 2840 u
1711 2799 1724 2851 ιΙ

179 2859 264 2889 nec
