1942 3034
165 111 271 163 216
690 111 920 154 ANNAEI
952 109 1229 153 SENECAE
1569 127 1613 167 p.
1631 115 1708 154 167
1727 114 1780 157 Β.

168 238 434 304 putemus,
478 234 600 289 ‘Sed
623 238 684 288 tu
715 253 877 288 senex
894 240 998 304 ,es',
1024 235 1219 304 inquit.
1255 235 1361 290 hoc
1388 237 1543 290 dicis:
1570 237 1785 290 luxuria

110 315 139 361 2
168 310 262 358 tua
300 307 469 359 serius
507 307 698 374 coepit,
738 306 894 358 citius
926 306 1146 359 desinet.
1209 308 1440 358 ARELLI
1477 307 1653 361 FVSCI
1691 326 1782 376 pa-

168 377 285 429 tris.
349 376 474 430 ‘Sed
509 380 607 444 tu',
645 377 838 445 inquit,
879 381 1062 428 ‘senex
1100 381 1193 429 es'.
1244 376 1402 430 Vnde
1440 378 1541 430 scis
1577 380 1632 430 te
1669 397 1783 431 non

167 446 411 500 futurum
448 447 782 499 luxuriosum
808 447 1030 499 senem?
1082 446 1277 500 Omnia
1303 467 1334 500 a
1362 451 1416 500 te
1441 448 1599 500 uitia:
1639 449 1783 516 quod

169 521 449 588 unguento
478 536 631 570 coma
667 518 862 585 madet,
899 521 1054 569 tuum
1079 520 1184 586 est:
1225 518 1369 586 quod
1405 519 1578 571 laxior
1614 537 1783 587 usque
1807 536 1831 569 5

168 589 227 641 in
263 589 424 657 pedes
463 588 763 640 demittitur
798 591 944 658 toga,
982 591 1137 640 tuum
1175 592 1268 641 est.
1346 587 1486 650 Quid
1525 593 1605 642 est
1642 589 1786 657 quod

169 659 315 711 aliud
352 661 460 711 ate
499 677 651 711 senes
679 658 924 711 discant?
974 657 1112 720 Quid
1137 659 1337 727 porro?
1376 659 1563 712 domus
1600 663 1786 712 nostra

168 730 470 782 luxuriosos
510 730 642 782 duos
679 747 792 782 non
819 728 1004 797 capit?
1042 729 1412 799 indulgentius
1448 733 1502 782 te
1541 730 1785 782 abdicare

167 818 281 852 non
317 799 489 868 potui.
541 799 754 868 Ecquid
791 799 925 851 mihi
962 799 1088 852 licet
1125 800 1318 853 seniles
1357 818 1528 852 annos
1565 801 1785 853 meliore
1940 857 1942 862 ,

168 870 284 923 uita
329 870 586 922 reficere?
637 870 742 923 hoc
789 870 1145 922 nouissimum
1191 889 1371 922 meum
1417 871 1670 923 meritum
1707 875 1787 923 est
1810 888 1853 919 10
1918 868 1942 931 ·l

170 944 223 993 et
273 941 418 1009 quod
465 941 566 993 tibi
612 942 844 993 maxime
893 941 1129 1009 imputo:
1179 959 1276 1008 pro
1324 945 1377 993 te
1427 941 1588 994 etiam
1635 941 1786 993 luxu-
1938 934 1942 1003 Ε

169 1011 343 1064 riosus
390 1011 565 1064 factus
614 1030 748 1063 sum.
822 1011 1089 1063 FABIANI.
1154 1011 1285 1064 Noli
1330 1013 1616 1079 pecuniam
1663 1029 1786 1064 con—
1937 1012 1942 1034 ³

172 1082 459 1150 cupiscere.
524 1081 652 1150 quid
696 1082 796 1134 tibi
844 1081 1058 1134 dicam?
1119 1081 1250 1134 haec
1300 1086 1381 1134 est
1437 1100 1570 1150 quae
1626 1085 1788 1151 auget

164 1151 513 1220 discordiam,
563 1153 719 1204 urbes
769 1155 822 1204 et
866 1156 1132 1204 terrarum
1180 1153 1363 1205 orbem
1410 1153 1539 1221 (in)
1586 1153 1787 1204 bellum

169 1223 355 1292 agitat,
395 1223 692 1274 humanum
729 1223 745 1291 ΙΙ
785 1240 955 1291 genus
994 1225 1284 1291 cognatum
1321 1225 1514 1276 natura
1550 1223 1609 1275 in
1644 1223 1786 1275 frau-
1811 1239 1855 1271 15
1933 1277 1942 1287 Δ

170 1293 261 1345 des
300 1296 354 1345 et
391 1292 590 1345 scelera
628 1295 682 1344 et
726 1296 974 1344 mutuum
1013 1292 1194 1345 odium
1239 1293 1489 1362 instigat,
1537 1293 1671 1346 haec
1709 1297 1789 1345 est

172 1381 308 1432 quae
364 1381 518 1415 senes
556 1363 891 1431 ,corrumpit
970 1361 1197 1425 Quidam
1258 1382 1524 1415 summum
1585 1364 1784 1416 bonum

171 1433 425 1486 dixerunt
461 1433 797 1501 uoluptatem
836 1437 890 1486 et
927 1434 1109 1486 omnia
1146 1433 1213 1485 ad
1238 1451 1432 1502 corpus
1469 1435 1784 1486 retulerunt.

170 1504 310 1556 nihil
358 1507 438 1556 est
492 1503 626 1555 mihi
678 1522 812 1572 opus
867 1504 1344 1573 praecipientibus:
1393 1504 1566 1557 habeo
1617 1523 1789 1557 exem-

169 1575 336 1643 plum,
374 1575 634 1643 proposui
660 1574 918 1642 quidquid
954 1578 1014 1627 tu
1052 1575 1242 1627 feceris
1279 1575 1478 1644 facere3
1517 1575 1785 1645 nauigabo
1811 1590 1854 1621 20

170 1646 289 1714 <si>
326 1645 619 1713 nauigariS,
659 1645 904 1698 militabo
943 1645 988 1697 si
1026 1645 1298 1697 militaris:
1338 1645 1421 1697 dic
1459 1645 1619 1698 hodie
1658 1646 1788 1714 quid

170 1718 327 1784 putes
364 1716 571 1768 melius,
649 1715 741 1767 sed
786 1715 920 1767 illud
958 1715 1193 1784 excipio:
1243 1734 1357 1768 non
1396 1716 1592 1768 obicies
1644 1716 1789 1784 quod

172 1786 412 1855 elegeris.
477 1785 728 1838 BLANDI.
770 1785 950 1838 Obicit
985 1786 1277 1854 luxuriam:
1316 1789 1561 1854 poteram
1599 1786 1648 1838 ei
1684 1785 1788 1838 hoc

171 1857 371 1909 dicere:
421 1856 756 1925 adulescenS,
805 1856 1090 1926 frugaliter
1137 1857 1250 1909 uixi
1289 1857 1542 1925 quamdiu
1579 1859 1788 1925 patrem

1934 2326 1942 2360 1

1931 2388 1942 2428 i

1937 2465 1942 2493 1

289 2071 309 2109 1
343 2070 461 2110 dixit
492 2070 544 2120 0,
578 2083 691 2111 corr.
723 2071 757 2109 E
780 2068 795 2123 Η
832 2072 856 2110 2
889 2071 1019 2111 cuius
1049 2072 1082 2110 B
1105 2068 1120 2123 ΙΙ
1157 2073 1182 2111 3
1214 2071 1300 2111 scit
1331 2072 1358 2109 C
1380 2068 1395 2123 ΙΙ
1430 2071 1457 2110 4
1490 2083 1516 2109 a
1546 2083 1623 2111 om.
1656 2069 1689 2107 B
1711 2067 1726 2121 ΙΙ
1763 2070 1790 2108 5

173 2128 306 2167 ciiam
335 2127 368 2166 B
405 2124 421 2179 ΙΙ
458 2126 612 2167 madet
642 2140 719 2167 om.
753 2129 807 2176 T,
847 2129 890 2166 in
922 2140 1001 2179 quo
1035 2131 1081 2167 et
1123 2133 1224 2179 post
1261 2139 1391 2166 coma
1429 2139 1593 2166 erasum
1624 2131 1689 2166 est
1717 2124 1732 2178 ss
1763 2126 1788 2164 6

172 2183 286 2234 pede
319 2184 348 2221 0
369 2180 385 2235 ΙΙ
409 2183 658 2224 dimittitur
689 2183 718 2221 0
741 2181 756 2235 ΙΙ
780 2188 878 2223 tota
909 2185 938 2221 0
968 2184 1126 2223 tunica
1159 2185 1204 2233 T,
1238 2190 1352 2225 corr.
1383 2181 1512 2222 Bur-s.
1536 2180 1551 2234 ΙΙ
1576 2183 1599 2222 7
1630 2181 1790 2222 dicunt

172 2239 200 2277 c
232 2238 414 2279 discunt
446 2241 500 2288 T,
533 2252 674 2279 senex
707 2239 883 2279 discam
922 2239 993 2278 W.
1025 2239 1185 2278 Maller
1214 2237 1230 2290 ΙΙ
1260 2240 1285 2278 8
1316 2238 1576 2278 luxuriosus
1607 2236 1680 2291 ΒΗ
1710 2238 1790 2277 ab·

173 2294 318 2334 dicari
349 2295 387 2333 A
423 2292 438 2347 ΙΙ
474 2297 500 2336 9
531 2295 682 2347 potuit
714 2324 724 2334 .
758 2295 844 2335 hec
876 2294 1013 2347 (haec
1043 2292 1095 2346 Β)
1129 2294 1239 2346 quid
1271 2295 1301 2333 0
1337 2292 1352 2347 ΙΙ
1396 2296 1445 2334 11
1479 2294 1560 2335 sed
1593 2293 1712 2346 quod
1743 2294 1790 2343 Ο,

171 2364 287 2396 corr.
305 2349 465 2391 Schutt.
491 2349 507 2404 ΙΙ
527 2353 550 2377 *
567 2351 772 2403 proximo
797 2353 824 2389 G
845 2350 1051 2403 proxime
1074 2354 1121 2402 T,
1153 2364 1234 2403 pro
1255 2351 1453 2391 maximo
1477 2351 1503 2391 i.
1534 2354 1720 2404 propter
1742 2354 1787 2390 te

181 2407 254 2449 W.
287 2407 448 2448 Miiller
482 2405 498 2460 ΙΙ
541 2408 592 2447 13
624 2406 731 2459 quid
763 2407 823 2446 sit
853 2407 940 2447 tibi
971 2406 1130 2452 Schult.
1167 2404 1183 2459 ΙΙ
1225 2411 1297 2448 est
1329 2410 1419 2459 atq3
1453 2408 1480 2446 G
1521 2404 1536 2459 ΙΙ
1579 2409 1631 2447 14
1661 2406 1790 2446 urbis

172 2464 325 2504 Haase
366 2461 382 2516 ΙΙ
419 2463 593 2503 orbisc
623 2463 757 2503 orbes
780 2465 812 2502 T
853 2461 868 2516 ss
909 2464 956 2503 in
986 2466 1110 2504 συιδ
1150 2461 1166 2516 ΙΙ
1210 2466 1261 2504 15
1293 2468 1455 2504 nature
1489 2463 1518 2502 0
1554 2461 1570 2515 ΙΙ
1612 2462 1788 2503 fraudis

172 2523 197 2561 ὃ
237 2523 282 2560 et
321 2521 349 2559 G
399 2517 414 2571 ΙΙ
468 2520 519 2559 16
559 2518 1022 2560 sceleremutumedn‘i
1061 2521 1089 2558 G
1139 2520 1321 2560 scelera
1366 2525 1522 2559 mutua
1568 2523 1622 2569 T,
1673 2532 1786 2560 corr.

173 2576 305 2620 Burs.
334 2574 350 2628 ss
395 2577 446 2616 18
476 2575 723 2629 uoluptatfi
752 2576 791 2615 A
826 2573 841 2628 ΙΙ
883 2575 1143 2616 retulerunt
1172 2576 1412 2629 uoluptate
1444 2580 1489 2615 et
1522 2577 1621 2616 onia
1651 2575 1788 2614 nihil·

171 2633 206 2672 Β
243 2630 259 2684 ΙΙ
297 2635 347 2673 19
381 2645 467 2685 ago
500 2634 528 2671 c
559 2645 636 2674 om.
666 2634 720 2682 T,
756 2633 902 2673 habeo
934 2633 968 2671 E
1005 2631 1020 2685 fl
1057 2634 1111 2673 20
1143 2646 1213 2673 me
1245 2633 1399 2673 facere
1432 2635 1464 2671 T
1501 2630 1516 2684 ΙΙ
1552 2634 1604 2672 21
1637 2632 1677 2670 si
1707 2645 1784 2671 om.

173 2690 203 2728 G
231 2687 247 2741 ΙΙ
283 2690 533 2741 nauigares
563 2689 639 2728 BT
669 2689 914 2741 nauigabis
945 2690 982 2728 A
1010 2686 1025 2741 ΙΙ
1062 2689 1288 2730 militares
1316 2689 1463 2728 AbBT
1500 2686 1515 2740 ΙΙ
1552 2689 1605 2727 22
1639 2687 1789 2738 scipio

175 2745 220 2797 0,
247 2758 361 2786 corr.
387 2745 447 2785 N.
466 2746 611 2786 Faber
631 2741 648 2798 Ι]
669 2745 778 2797 quid
810 2745 854 2794 0,
886 2758 1003 2787 corr.
1034 2746 1187 2785 Haase
1218 2746 1257 2785 si
1289 2745 1396 2797 quid
1435 2743 1675 2784 WMalzer
1697 2741 1711 2795 ΙΙ
1735 2745 1789 2782 23

173 2813 394 2898 ἕὲρέἷέἒῗ
407 2814 442 2896 ΤΘ
448 2805 476 2910 ¹²„
495 2802 846 2911 232411352550‘21}
864 2802 1229 2911 ῗῑὲΐίρῇἱῗὶἒὲ
1238 2802 1481 2909 ρξῖἕρῗᾭ
1509 2796 1789 2851 namna-,1
