1936 3100
194 157 301 210 450
719 156 951 198 ANNAEI
981 154 1256 197 SENEcAE
1606 157 1744 209 p,435
1760 156 1814 199 Β,

341 298 502 350 quam
549 299 604 333 se
654 280 849 333 uidisse
900 281 1176 333 hominem
1216 280 1494 350 decollari,
1542 300 1712 334 unum
1750 299 1814 333 ex

344 351 608 404 damnatis
648 350 858 403 occidit.
897 354 1177 403 accusatur
1213 350 1389 404 laesae
1426 352 1734 405 maiestatis

312 449 502 504 Obicio
542 449 826 516 luxuriam,
864 448 1222 518 histrioniam,
1261 448 1448 503 iocos‘?
1487 468 1557 502 an
1594 450 1652 502 in
1690 467 1812 502 con-

205 521 354 574 uiuio
394 520 533 572 nihil
571 519 716 571 aliud
752 518 858 571 nisi
897 519 1178 572 occiditis?
1219 519 1331 573 Vni
1368 519 1593 573 fortasse
1632 520 1814 573 osculo

202 591 426 644 donauit
486 588 854 642 homicidium.
929 588 1215 643 Caenaturi
1288 591 1561 643 carnifices
1622 608 1812 643 manus
1834 603 1857 635 ⁵

202 662 447 714 abluunt.
523 659 651 713 Non
687 660 904 728 inquiro
942 660 1000 712 in
1037 663 1214 714 totum
1251 678 1470 729 annum,
1509 679 1618 713 una
1654 664 1812 714 nocte

204 734 492 785 contentus
530 748 663 782 sum.
727 729 959 783 Facilius
997 734 1078 784 est
1114 735 1175 783 ut
1212 731 1304 799 qui
1341 731 1511 784 multa
1547 732 1814 784 meretrici

202 801 411 854 dederit
447 800 798 853 homicidium
834 804 1014 882 neget,
1053 819 1214 870 quam
1251 805 1313 854 ut
1338 802 1429 870 qui
1464 801 1814 854 homicidium

204 871 413 924 dederit
451 871 737 940 quicquam
774 872 1001 951 negarit.
1070 871 1297 925 Seruum
1333 873 1378 924 si
1412 872 1685 924 uerberari
1722 889 1815 924 uo-

199 943 404 1010 luisses,
444 945 594 994 extra
630 942 941 994 conuiuium
967 941 1292 995 abduxisseS.
1342 941 1658 995 Contactam
1697 955 1879 994 san-10

201 1013 362 1082 guine
401 1012 638 1064 humano
677 1029 933 1080 mensam,
971 1012 1182 1065 strictas
1219 1013 1278 1064 in
1302 1013 1537 1066 triclinio
1576 1030 1813 1065 secureS.

201 1084 320 1151 quis
369 1082 538 1135 credit
583 1082 688 1134 ista
734 1083 1048 1150 concupisse
1103 1082 1437 1135 meretricem
1484 1083 1571 1135 uel
1625 1083 1814 1135 fecisse

202 1152 546 1222 praetorem?
620 1151 822 1221 Virgae
883 1156 1206 1220 promuntur
1267 1157 1321 1205 et
1380 1156 1504 1206 ante
1574 1171 1814 1205 mensam

204 1223 439 1302 deosque
467 1222 796 1275 crudelitatis
823 1223 1044 1275 uictima
1068 1223 1380 1276 trucidatur.
1429 1223 1517 1276 Me
1543 1223 1813 1291 miserum,
1924 1281 1927 1284 ,

203 1293 417 1361 imperii
455 1291 688 1345 Romani
733 1295 936 1345 terrore
983 1293 1175 1345 lusisti.
1250 1292 1384 1362 Legi
1430 1293 1610 1362 potius
1654 1311 1814 1362 quam
1838 1306 1880 1338 15

134 1381 137 1383 ·
206 1367 383 1416 scorto
434 1361 602 1415 cadat.
641 1361 929 1433 Exsurgite
978 1362 1161 1431 Bruti,
1208 1362 1427 1431 Horati,
1473 1362 1607 1416 Deci
1644 1368 1698 1416 et
1736 1381 1828 1416 ce-

206 1438 322 1486 tera
359 1433 572 1502 imperii
611 1433 828 1486 decora:
876 1434 1070 1486 uestris
1118 1433 1379 1500 fascibus,
1417 1434 1692 1486 securibus
1730 1451 1817 1486 ue-

206 1504 331 1557 stris
369 1503 476 1556 iam
514 1503 725 1572 puellae
751 1503 998 1557 iocantur
1023 1504 1299 1557 obscenae.
1344 1503 1420 1563 *In
1459 1521 1520 1556 eo
1549 1503 1693 1572 quod
1719 1505 1816 1562 sub

201 1577 479 1643 praetexto
517 1573 762 1642 publicae
814 1574 1109 1627 maiestatis
1147 1575 1351 1643 agitur,
1401 1573 1658 1643 quidquid
1695 1591 1815 1642 pec·
1879 1609 1881 1612 .
1934 1575 1936 1626 ἰ

205 1648 378 1712 catur,
427 1645 723 1697 maiestatis
770 1645 786 1713 ΙΙ
832 1645 1042 1697 actione
1092 1644 1473 1697 uindicandum
1522 1648 1616 1697 est.
1692 1646 1816 1696 Per·
1838 1658 1880 1690 20

206 1733 455 1768 cussurus
512 1715 670 1767 lictor
726 1716 791 1767 ad
846 1718 1149 1783 praetorem
1198 1715 1440 1783 respicit,
1488 1719 1704 1783 praetor
1750 1714 1816 1766 ad

202 1785 552 1838 meretricem.

311 1855 443 1908 Pars
482 1855 666 1908 altera.
731 1853 788 1908 Si
826 1855 1034 1924 legatus
1073 1855 1209 1907 falsa
1245 1855 1497 1908 mandata
1533 1855 1701 1922 affert,
1742 1855 1816 1907 sic

207 1926 518 1994 audiuntur,
555 1929 833 1994 tamquam
870 1925 965 1978 illa
1002 1925 1236 1994 populus
1274 1925 1551 1978 Romanus
1590 1925 1813 1993 dederit3

201 1997 500 2076 imperator
536 1995 726 2048 foedus
762 1996 1049 2064 percussit,
1089 1995 1302 2048 uidetur
1337 1995 1569 2064 populus
1605 2012 1815 2063 percus·
1838 2009 1879 2042 25

205 2067 338 2119 sisse
377 2066 654 2119 Romanus
693 2069 746 2119 et
791 2066 1007 2119 foedere
1045 2067 1374 2119 continetur:
1422 2084 1568 2118 nunc
1604 2083 1702 2117 nec
1739 2065 1816 2116 ui-

205 2138 354 2189 ribus
393 2137 680 2205 quicquam
731 2137 919 2209 populi
965 2137 1261 2189 detractum
1300 2141 1379 2189 est
1415 2153 1514 2188 nec
1553 2135 1814 2203 opinioni.

204 2210 280 2259 At
320 2225 383 2259 ex
421 2212 475 2259 te
515 2214 719 2260 ceteros
752 2207 1058 2259 aestimant.
1120 2206 1193 2259 Et
1229 2210 1353 2259 ante
1390 2205 1535 2257 hunc
1572 2205 1665 2258 alii
1702 2204 1816 2256 fue-

202 2280 333 2329 runt
377 2294 476 2344 pro
526 2277 718 2345 quibus
756 2277 1027 2329 aestimari
1062 2279 1298 2344 possent.
1361 2293 1523 2328 nemo
1562 2274 1816 2327 adscribit

202 2346 424 2398 urbibus
474 2347 609 2398 uitia
658 2346 1010 2426 singulorum.
1087 2345 1345 2398 Obiciunt
1382 2345 1525 2414 quod
1563 2345 1815 2424 dampna·
1837 2360 1879 2392 30
1933 2377 1936 2430 Ι

203 2420 292 2469 tus
327 2416 549 2484 perierit
583 2415 852 2469 meretrici
889 2419 944 2468 et
979 2416 1257 2484 postulant
1301 2418 1603 2484 praetorem
1640 2415 1815 2484 perire

206 2489 511 2555 dampnato
572 2486 764 2538 Libido
804 2487 978 2538 omnis
1015 2487 1159 2539 intra
1195 2486 1527 2538 meretricem
1568 2490 1662 2554 est,
1702 2503 1814 2538 cru-

317 2673 342 2712 2
373 2675 618 2713 aecusator
647 2668 777 2724 111114
808 2669 1053 2711 occidistis
1085 2672 1129 2710 M
1151 2669 1166 2724 ΙΙ
1196 2671 1297 2713 Vno
1328 2672 1400 2710 nb
1422 2669 1438 2723 ΙΙ
1467 2671 1493 2712 8
1523 2669 1815 2711 homicidium

201 2727 446 2768 caenaturi
497 2725 744 2767 carnifices
790 2739 950 2768 manus
989 2731 1129 2780 neget
1174 2728 1218 2766 M
1267 2725 1283 2780 ΙΙ
1320 2728 1345 2768 9
1393 2727 1633 2780 quisquam
1673 2727 1748 2765 Ma
1802 2724 1815 2777 ῙΙ

205 2786 258 2824 10
291 2769 611 2824 Contan'tusan
632 2784 707 2822 Ma.
727 2781 743 2835 ΙΙ
768 2785 819 2824 15
840 2789 1059 2824 terrorem
1082 2784 1154 2823 Mb
1177 2781 1193 2836 ΙΙ
1218 2784 1350 2824 18.19
1373 2786 1635 2836 supretexto
1657 2783 1702 2821 Π
1722 2779 1738 2833 ΙΙ
1765 2783 1815 2821 19

201 2843 424 2892 peccator
452 2841 526 2878 Ma
547 2837 563 2891 ΙΙ
586 2841 640 2880 20
662 2840 849 2880 accione
869 2841 914 2878 M
936 2837 951 2892 ΙΙ
973 2841 1028 2880 24
1049 2839 1127 2879 1116
1152 2840 1226 2878 Ma
1247 2837 1263 2891 ΙΙ
1285 2839 1339 2879 26
1369 2839 1598 2881 Romanos
1619 2838 1692 2877 ua
1713 2837 1728 2889 ΙΙ
1751 2837 1818 2877 fe—

204 2895 313 2936 dele
346 2897 392 2934 n
412 2893 428 2948 ss
450 2896 504 2937 28
537 2896 817 2937 exestimant
846 2896 921 2934 Ma
951 2896 1220 2936 existimant
1245 2895 1319 2934 Mb
