1942 3034
198 101 299 155 176
716 102 947 145 ANNAm
978 103 1254 147 SENECAE
1596 121 1640 162 p.
1653 109 1732 150 135
1752 108 1804 150 B.
1887 90 1892 94 “

194 229 386 296 filiam,
434 226 659 280 abdicat.
733 230 943 280 seruate
981 227 1107 295 <di>
1143 231 1314 281 totam
1358 230 1576 284 domum
1625 251 1806 286 amore

195 301 384 351 mutuo
410 297 761 351 laborantem.
814 297 1074 365 eMoriar’,
1101 298 1304 367 inquit:
1343 300 1446 353 hoc
1470 303 1614 370 patri
1638 304 1806 356 mina-

196 370 290 437 riS,
311 369 431 421 uiro
456 368 742 437 promittis.
817 367 978 421 Potes
1017 368 1132 421 sine
1169 371 1287 422 uiro
1325 371 1464 439 pati3
1503 374 1807 443 peregrina-

196 439 403 492 tionem
429 441 541 491 eius
577 438 765 491 tulisti.
815 437 1047 491 Facilius
1073 442 1252 507 potest
1276 458 1452 494 carere
1491 461 1553 496 eo
1581 445 1667 496 cui
1704 445 1807 512 spi-

197 510 363 562 ritum
401 509 558 561 debet
594 526 753 577 quam
793 526 854 561 eo
895 511 980 563 cui
1016 509 1278 578 inpendit.
1851 526 1871 558 5

137 585 169 632 5
301 580 375 632 Et
418 580 551 631 haec
598 581 965 632 controuersia
1010 598 1123 633 non
1170 584 1292 651 eget
1337 582 1630 652 diuisione3
1680 603 1807 637 nam

197 654 411 720 praeter
447 650 597 701 illam
635 650 1020 718 quaestionem,
1060 669 1130 703 an
1164 655 1319 720 pater
1355 653 1599 706 abdicare
1637 656 1808 723 possit

197 723 420 790 propter
464 720 893 788 matrimonium,
941 722 1172 790 reliqua,
1223 740 1342 774 cum
1381 723 1447 775 ad
1484 725 1809 794 aequitatem

197 791 520 860 pertineant,
557 790 911 861 tractatiossnis
950 796 1090 844 sunt.
1143 793 1400 860 optimam
1433 797 1615 847 tamen
1653 813 1812 864 quae-

199 861 431 914 stionem
458 861 872 915 coniecturalem
897 861 1098 915 LATRO
1136 862 1289 931 fecit,
1328 865 1611 933 proposuit
1634 865 1808 918 illam:
1834 880 1873 912 10

198 950 270 984 an
308 931 516 984 etiamsi
553 950 666 985 non
717 932 859 985 malo
898 932 1150 985 aduersus
1187 951 1406 986 uxorem
1446 935 1625 988 animo
1667 934 1807 1008 [fuit]

199 1002 422 1055 maritus
459 1002 613 1070 fecit,
662 1005 846 1055 tamen
882 1006 994 1055 tam
1030 1004 1344 1056 temerarius
1383 1008 1436 1057 et
1474 1005 1809 1059 inconsultus

197 1072 582 1140 relinquendus
629 1073 723 1141 sit,
775 1073 992 1126 deinde:
1040 1092 1110 1126 an
1159 1075 1322 1126 etiam
1367 1076 1509 1129 malo
1558 1076 1809 1129 aduersus

198 1160 422 1196 uxorem
447 1143 626 1195 animo
652 1143 854 1196 fecerit.
908 1143 1132 1197 FVSCVS
1159 1146 1458 1198 ARELLIVS
1496 1147 1627 1199 iuris
1654 1165 1810 1216 quae-
1920 1215 1923 1218 1

199 1213 364 1266 stiom'
409 1214 656 1276 subiecit,
707 1232 818 1266 non
864 1232 1021 1282 posse
1079 1214 1229 1266 illam
1275 1214 1542 1269 discedere
1589 1236 1620 1269 a
1666 1218 1808 1270 uiro:
1835 1231 1874 1263 15

197 1302 325 1336 nam
365 1286 419 1335 et
455 1283 559 1335 hoc
596 1283 746 1335 illam
783 1284 1126 1337 iureiurando
1155 1285 1433 1354 obligauit.
1485 1287 1630 1340 hunc
1668 1289 1811 1340 enim

199 1354 440 1406 animum
487 1354 600 1406 sine
648 1353 811 1407 dubio
859 1354 1024 1407 fuisse
1071 1355 1390 1423 iurantium,
1440 1360 1501 1409 ut
1548 1358 1662 1410 uiui
1699 1376 1812 1411 non

200 1423 592 1491 diducerentur,
632 1427 791 1492 <cum
827 1424 961 1477 illud
999 1443 1212 1494 quoque
1239 1427 1495 1495 cauerint,
1534 1446 1602 1481 ne
1640 1432 1810 1481 morte
1860 1428 1868 1433 ’

141 1502 172 1549 6
200 1495 616 1562 diuiderentur>.
691 1494 957 1548 LATRONI
996 1496 1323 1549 contrarium
1370 1497 1652 1551 uidebatur
1689 1517 1812 1552 one-

198 1565 307 1618 rari
352 1565 698 1618 iurisiurandi
745 1565 1030 1635 inuidiam,
1081 1584 1202 1619 cum
1249 1569 1526 1620 extenuari
1572 1570 1810 1622 deberet:
1835 1582 1876 1615 20

202 1636 336 1688 illud
399 1636 770 1688 iusiurandum
833 1641 1020 1690 contra
1072 1637 1346 1690 fortunam
1407 1638 1646 1707 uidetur,
1709 1640 1813 1692 hoc

202 1707 364 1759 etiam
402 1709 589 1759 contra
626 1710 847 1775 patrem.
909 1706 1155 1760 CESTIVS
1195 1711 1384 1760 contra
1420 1709 1549 1761 fecit
1586 1713 1640 1762 et
1676 1711 1812 1778 (ΒΧ)

200 1779 318 1830 toto
375 1777 509 1829 dixit
562 1777 904 1830 iureiurando
960 1778 1110 1830 illam
1165 1778 1445 1830 liberatam
1500 1779 1594 1832 illo
1658 1798 1810 1848 casu3

201 1847 408 1900 solutos
445 1848 590 1915 ipsos
628 1848 847 1900 uinculo
883 1849 1162 1918 religionis
1188 1851 1242 1900 et
1276 1849 1395 1902 ideo
1421 1867 1533 1902 non
1571 1849 1812 1903 futurum

200 1917 500 1987 periculum
538 1919 708 1987 uxori,
747 1919 792 1971 si
818 1918 947 1987 quid
984 1919 1262 1972 accidisset
1299 1920 1433 1973 uiro.
1495 1919 1633 1974 SILO
1660 1921 1812 1974 POM·
1836 1934 1875 1967 25
1919 1959 1933 2005 ,ψ

318 2105 339 2143 1
372 2101 473 2143 filiu
503 2106 564 2143 Ta
602 2101 621 2157 Η
662 2104 708 2144 di
737 2106 838 2145 add.
870 2103 1030 2155 Sclmn,
1053 2103 1068 2157 ΙΙ
1091 2109 1348 2146 amoruttuo
1378 2106 1415 2145 A
1455 2103 1471 2159 ΙΙ
1511 2108 1537 2147 3
1568 2110 1723 2159 potest
1754 2108 1781 2146 0
1801 2105 1814 2159 ssl

201 2159 575 2212 peregrinatione
606 2162 644 2200 A
683 2158 699 2213 ΙΙ
739 2163 766 2200 4
795 2165 930 2213 potes
961 2161 1012 2212 0,
1045 2174 1159 2202 corr.
1189 2160 1320 2202 Burs.
1363 2159 1379 2214 ΙΙ
1421 2163 1499 2214 qui
1529 2163 1559 2202 0
1600 2168 1641 2203 et
1672 2164 1697 2204 5
1729 2175 1814 2216 ego

201 2215 279 2268 qui
310 2215 360 2264 0,
404 2229 520 2256 corr.
553 2217 610 2256 N.
641 2217 786 2257 Faber
806 2215 822 2270 ΙΙ
852 2218 878 2256 6
911 2222 1010 2257 eret
1038 2216 1108 2256 hii
1138 2219 1166 2255 0
1198 2222 1298 2257 erat
1326 2218 1346 2257 ῖ
1377 2220 1430 2267 Τ,
1472 2224 1578 2270 eget
1610 2219 1761 2260 Haase
1801 2218 1813 2253 ἑ

203 2271 490 2312 diuinatione
523 2272 576 2323 0,
607 2286 721 2313 corr.
745 2273 799 2312 N.
817 2272 960 2313 Faber
981 2271 996 2325 ΙΙ
1020 2274 1042 2313 7
1074 2272 1159 2312 illa
1189 2275 1217 2312 0
1239 2271 1254 2326 ΙΙ
1277 2271 1354 2326 an]
1389 2274 1508 2315 hanc
1537 2275 1600 2314 Ba
1621 2272 1636 2328 ΙΙ
1658 2282 1814 2328 posset

202 2342 254 2392 0,
286 2355 400 2382 corr.
435 2341 480 2382 0.
512 2342 624 2383 Ialzn
664 2340 679 2395 ΙΙ
715 2344 741 2383 8
773 2342 985 2395 relinqua
1017 2344 1046 2381 G
1086 2341 1101 2396 ΙΙ
1144 2345 1430 2396 equitantem
1455 2330 1497 2385 13‘
1527 2343 1543 2398 ΙΙ
1584 2347 1609 2385 9
1640 2349 1812 2386 tracta-

201 2399 352 2439 tiones
384 2401 416 2438 T
452 2395 468 2450 11
511 2400 560 2438 11
595 2411 653 2438 an
684 2413 762 2443 om.
793 2399 830 2437 A
870 2396 886 2451 ΙΙ
927 2399 1070 2439 etiam
1108 2400 1206 2441 sine
1247 2403 1279 2440 T
1320 2399 1335 2454 ΙΙ
1377 2401 1468 2452 fuit
1508 2403 1667 2454 deleui,
1706 2402 1814 2442 illut

202 2454 333 2498 Burs.
375 2453 390 2507 ΙΙ
433 2456 484 2494 12
523 2459 677 2495 tamen
715 2458 766 2495 ut
806 2459 900 2495 tam
934 2457 966 2495 T
1002 2453 1018 2508 ΙΙ
1058 2458 1185 2496 tante
1225 2459 1401 2499 erarius
1431 2459 1468 2498 A
1506 2456 1522 2511 ΙΙ
1562 2459 1610 2497 in
1649 2471 1813 2499 consu-

202 2510 326 2551 latus
366 2514 429 2550 Ta
469 2509 484 2564 ΙΙ
527 2512 578 2553 13
618 2511 921 2564 relinquendfi
962 2524 982 2552 s
1019 2512 1058 2551 A
1098 2510 1113 2565 ΙΙ
1157 2517 1262 2554 ante
1307 2514 1444 2555 etiam
1484 2516 1512 2553 G
1553 2511 1569 2567 ΙΙ
1610 2516 1663 2555 14
1701 2527 1813 2566 que-

203 2568 370 2608 stionis
410 2569 438 2606 C
489 2569 756 2620 questiones
796 2570 848 2618 T,
891 2581 1005 2609 corr.
1039 2568 1172 2610 Burs.
1211 2583 1267 2610 an
1299 2571 1614 2623 quaestionem
1637 2572 1657 2610 ⁴?
1704 2568 1720 2624 ΙΙ
1763 2573 1814 2611 15

202 2627 361 2676 posset
392 2625 420 2662 C
448 2621 464 2676 ΙΙ
502 2625 569 2665 18.
593 2626 645 2665 19
675 2625 808 2665 uerba
840 2636 940 2664 cum
971 2655 980 2664 .
999 2655 1008 2666 .
1027 2655 1037 2666 .
1066 2624 1379 2667 diuiderentur
1409 2629 1509 2668 add.
1542 2628 1577 2666 E
1607 2625 1623 2679 ΙΙ
1661 2629 1712 2668 19
1744 2628 1813 2666 ui·

205 2679 378 2720 debant
416 2681 448 2718 B
487 2680 760 2722 uidebantur
798 2682 836 2720 A
857 2678 872 2733 ΙΙ
894 2680 1108 2722 honorari
1140 2684 1242 2722 CTa.
1277 2681 1292 2736 ΙΙ
1315 2685 1369 2725 20
1396 2683 1574 2724 inuidia
1605 2684 1634 2721 0
1654 2681 1670 2735 ΙΙ
1693 2689 1814 2724 exte-

203 2748 347 2776 nuare
379 2737 407 2774 0
442 2733 457 2788 ΙΙ
488 2738 539 2776 21
572 2737 633 2777 Et
663 2737 776 2778 illud
808 2738 859 2785 0,
900 2751 1013 2779 corr.
1044 2738 1176 2782 Burs.
1199 2737 1214 2792 ΙΙ
1243 2741 1298 2780 22
1329 2753 1385 2781 ex
1417 2741 1517 2782 add.
1541 2739 1703 2786 Haase,
1742 2739 1811 2779 W.

205 2792 364 2834 Miiller
385 2791 401 2844 ss
432 2795 486 2833 23
526 2793 639 2833 dixit
677 2794 870 2834 iurando
911 2796 939 2833 G
969 2792 984 2846 ΙΙ
1013 2794 1162 2844 illam]
1194 2797 1286 2836 iam
1316 2797 1351 2836 Ε
1373 2793 1388 2849 ΙΙ
1419 2796 1683 2837 libertatem
1715 2798 1778 2835 Ta.
1800 2794 1812 2848 Ι]

206 2850 260 2889 25
291 2849 441 2889 uxoris
474 2849 518 2900 0,
551 2862 668 2890 corr.
701 2852 852 2891 Haase
874 2848 889 2903 ΙΙ
923 2852 989 2891 sic
1022 2852 1127 2904 quid
1159 2853 1188 2890 G
