1936 3100
237 147 344 209 458
764 144 994 188 ANNAEI
1025 145 1303 188 SENECAE
1644 158 1687 201 p.
1700 148 1783 190 443
1799 147 1854 191 Β.

222 272 506 342 'supplicia
544 270 760 340 quidem
798 270 994 323 desiuit
1031 270 1285 323 occidere.
1360 269 1540 323 Prosit
1587 274 1718 339 aput
1754 289 1852 323 uos

206 368 209 378 =
241 343 453 412 puellae
492 341 636 411 quod
683 359 801 394 eam
845 344 999 409 pater
1034 339 1242 409 laudat,
1294 340 1467 408 prosit
1503 341 1647 410 quod
1684 344 1855 393 mater

241 415 471 467 accusat.
548 410 798 479 Conscia,
836 410 1050 480 inquid,
1080 411 1098 480 ΙΙ
1126 413 1207 463 est
1257 410 1387 463 filia.
1462 427 1563 481 ego
1611 412 1854 479 torqueri

234 484 419 553 coepi,
474 499 709 535 nouerca
753 484 1020 550 torquere.
1093 480 1275 534 Habui
1327 481 1499 534 filium
1551 481 1716 535 talem
1726 487 1759 548 ‚‘
1791 485 1852 533 ut

171 590 176 594 -
238 553 395 607 illum
431 570 608 606 amare
645 554 828 621 posset
862 568 1120 620 nouerca,
1167 551 1274 606 nisi
1316 551 1375 604 in
1412 568 1530 604 eam
1574 551 1849 605 incidisset
1891 566 1912 600 5

241 642 376 692 quae
425 623 599 677 odisse
647 622 810 675 etiam
854 621 1023 675 filiam
1067 624 1264 690 posset.
1339 620 1536 675 Seruus
1572 622 1705 675 furti
1741 624 1850 674 tor-

238 697 328 747 tus
368 693 629 748 Catonem
667 692 942 745 conscium
979 691 1128 745 dixit.
1191 693 1371 745 utrum
1406 691 1528 761 plus
1564 692 1846 745 tormentis

236 764 456 817 creditis
493 781 563 816 an
601 762 835 816 Catoni?
891 761 1046 824 Quod
1083 779 1313 815 nouerca
1349 765 1460 815 tam
1498 779 1632 831 sero,
1670 762 1850 832 puella
1901 801 1906 805 .

237 837 352 887 tam
389 833 535 887 cito‘?
594 833 662 886 In
697 833 802 886 hoc
838 850 1041 903 poenas
1077 833 1324 886 ueneficii
1363 832 1551 901 dabat,
1602 836 1662 887 ut
1698 850 1850 886 accu-

238 905 466 958 sationis
504 904 756 974 exigeret.
1075 933 1079 935 <

347 974 478 1028 Pars
534 974 716 1027 altera.
805 972 1153 1036 Quarundam
1212 972 1451 1026 ferarum
1506 973 1670 1027 catuli
1730 991 1851 1026 cum

238 1045 389 1098 rabie
434 1047 756 1112 nascuntur-3
813 1059 1024 1097 uenena
1060 1042 1328 1096 radicibus
1375 1044 1559 1096 statim
1595 1044 1852 1112 pestifera

237 1117 381 1167 sunt.
458 1113 598 1176 Quid
644 1114 738 1167 illa
775 1130 911 1182 quae
957 1113 1180 1166 fratrem
1227 1113 1286 1166 in
1336 1131 1543 1167 moram
1580 1114 1852 1182 sequentis

239 1185 408 1254 patris
446 1184 680 1253 sparsit?
726 1185 890 1237 habes
917 1184 1221 1252 exemplum
1258 1184 1402 1252 quod
1439 1187 1493 1237 et
1530 1184 1702 1237 sorori
1728 1201 1852 1237 con-

241 1256 428 1308 ueniat
465 1257 519 1307 et
564 1254 781 1324 uirgini.
855 1253 1107 1307 Nouerca
1151 1254 1211 1306 in
1255 1253 1360 1306 hoc
1443 1253 1659 1324 riuigno
1707 1253 1852 1307 dedit
1874 1271 1916 1304 15

240 1342 537 1393 uenenum,
576 1328 636 1378 ut
671 1324 783 1377 filia
821 1324 935 1377 sola
972 1324 1127 1377 heres
1167 1327 1331 1391 esset3
1371 1323 1390 1376 i
1430 1324 1570 1377 circo
1609 1323 1854 1377 adhibuit

242 1398 301 1449 -et
337 1395 621 1449 consciam.
659 1395 672 1463 j!

1880 921 1922 954 10

375 1554 401 1595 8
440 1556 520 1593 aut
557 1551 726 1594 Catoni
755 1553 800 1592 M
839 1549 856 1604 ss
899 1553 950 1593 12
987 1552 1074 1599 fuit
1112 1551 1267 1594 tobiae
1297 1552 1340 1592 in
1369 1551 1435 1601 Μ,
1478 1563 1595 1592 corr.
1628 1563 1680 1592 m.
1714 1563 1783 1603 pr.
1815 1552 1860 1591 in

243 1609 404 1650 tabiae
427 1606 443 1662 ΙΙ
468 1610 520 1651 13
550 1609 600 1650 in
626 1621 706 1650 ora
737 1609 812 1648 ub
