1936 3100
31 0 1311 67 W‘*‘”*‘f·⁴2⁶¹···“”
1675 3 1678 6 -

35 56 38 57 r
164 58 166 62 ,
522 44 550 54 «κ
640 56 642 60 ‚
735 44 745 53 κ
796 45 803 49 -
907 44 911 51 .
925 48 932 52 v
974 51 982 56 .
998 51 1003 54 Ι
1194 52 1198 59 ι
1303 55 1305 57 ¹
1463 59 1473 66 .,
1689 54 1702 61 ἢ

32 59 76 103 1-1

134 116 332 171 p.22113.
406 114 1014 159 CONTROVERSIARVM
1042 116 1164 159 LIB.
1186 116 1292 159 VII.
1313 118 1340 158 6
1361 115 1468 170 (21).
1646 115 1753 169 343

134 239 384 293 dominae
431 239 690 309 migrabit
734 240 1064 309 cubiculum,
1112 240 1200 293 uel
1237 240 1456 294 domina
1505 258 1570 293 ex
1608 241 1753 294 cubi-

134 310 256 362 culo
313 328 410 363 suo
466 310 722 380 migrabit
766 311 826 364 in
873 310 1102 364 cellam?
1177 309 1443 364 CORNELI
1479 310 1748 366 HISPANI.
1780 317 1814 365 5

134 380 374 433 Melioris
412 381 744 434 condicionis
794 385 922 434 sunt
958 381 1180 435 uitiatae
1221 399 1382 450 quam
1419 381 1602 451 uirgo:
1641 382 1751 436 illis

135 456 316 503 tamen
353 455 560 504 mutare
584 452 803 520 nuptias
841 452 1088 522 contigit.
1164 449 1356 520 Quare,
1394 452 1750 522 tyrannicida,

89 542 110 573 5
133 522 431 589 praemium
467 521 762 590 accepisti?
811 523 1120 576 etiamnunc
1158 523 1340 592 aliqua
1365 540 1430 575 ex
1456 522 1629 575 edicto
1667 526 1751 591 ty-

132 592 290 643 ranni
325 595 501 660 nupta
537 597 634 644 est.
697 590 800 653 Qui
838 593 1071 645 edictum
1108 593 1327 662 tyranni
1362 593 1578 663 fugerat
1613 594 1754 646 redit

132 679 252 713 cum
290 661 480 715 edicto.
531 661 818 715 Dementia
854 663 957 716 hoc
991 664 1160 732 patris
1198 663 1402 717 factum
1439 666 1534 733 est,
1574 667 1635 717 ut
1671 667 1753 732 ty-

131 750 362 785 rannum
417 750 664 786 accusare
720 751 832 786 non
880 738 1077 802 posset.
1155 733 1336 796 Quid?
1392 734 1500 804 ille,
1557 735 1750 804 inquit,

134 802 300 855 filiam
337 821 510 856 meam
549 804 816 874 uirginem
844 804 1000 857 alteri
1038 806 1290 858 seruauit.
1344 823 1489 858 nunc
1525 805 1753 858 maritus

70 895 110 924 10
133 878 236 940 est,
287 874 380 942 qui
417 875 516 927 sub
555 877 786 943 tyranno
836 894 1048 944 quoque
1103 875 1242 927 nihil
1290 875 1520 944 amplius
1575 876 1754 945 potuit

133 962 293 1012 quam
339 949 526 1013 raptor
570 963 699 998 esse.
774 945 827 997 Is
876 946 967 1014 qui
1016 945 1211 998 dotalis
1266 945 1562 999 destinatus
1620 950 1750 1015 erat,

132 1023 310 1068 custos
347 1015 565 1067 relictus
604 1020 700 1068 est.
748 1016 1086 1084 propositum
1114 1019 1194 1068 est
1232 1015 1482 1085 edictum,
1510 1017 1656 1085 quod
1680 1035 1749 1069 ne

130 1085 389 1138 ferremus
436 1085 690 1154 fugimus.
764 1085 904 1138 nihil
949 1104 1045 1154 per
1088 1090 1263 1139 totum
1301 1086 1550 1155 publicae
1587 1088 1751 1140 serui-

130 1156 261 1207 tutis
299 1156 533 1224 spatium
571 1155 848 1226 indignius
886 1157 1063 1209 uisum
1101 1160 1195 1226 est,
1234 1157 1374 1210 nihil
1400 1157 1480 1210 dis
1519 1158 1752 1211 homini-

67 1245 107 1276 15
129 1226 335 1295 busque
371 1227 552 1279 minus
588 1227 884 1280 ferendum.
959 1229 1141 1297 itaque
1188 1234 1451 1297 tyrannus
1486 1231 1612 1298 post
1647 1230 1752 1282 hoc

131 1298 336 1349 occisus
374 1301 469 1350 est.
544 1296 828 1367 Desponsa
866 1301 946 1351 est
982 1299 1189 1367 puella3
1241 1299 1424 1351 omnia
1473 1317 1537 1352 ex
1576 1299 1748 1353 edicto

131 1368 347 1435 tyranni
394 1367 536 1421 facta
584 1372 725 1421 sunt.
804 1371 1029 1421 ALBVCI
1081 1368 1218 1422 SILI.
1268 1369 1536 1439 Egregius
1586 1387 1751 1441 gener
1779 1388 1811 1435 6

131 1438 281 1490 cuius
319 1438 451 1491 haec
476 1457 586 1491 una
609 1439 784 1508 gloria
809 1444 904 1509 est,
932 1439 1073 1508 quod
1114 1443 1453 1508 comparatus
1479 1441 1751 1494 cruciariis

131 1508 394 1578 frugalior
450 1513 543 1562 est.
630 1509 826 1563 Melius
885 1529 1070 1563 seruus
1126 1512 1419 1564 custodiuit
1477 1511 1751 1566 dominam

64 1595 108 1627 20
131 1597 291 1647 quam
317 1583 471 1647 pater
495 1580 678 1634 filiam.
730 1580 1042 1650 <Propitius
1067 1585 1221 1650 pater
1246 1582 1322 1634 ita
1357 1582 1561 1650 filiam>
1599 1601 1751 1635 suam

129 1649 443 1716 collocauit‚
501 1651 950 1719 quemadmodum
1005 1652 1172 1704 iratus
1219 1655 1482 1721 tyrannus
1529 1653 1748 1706 alienas.

128 1719 340 1773 Inimici
391 1721 491 1773 tibi
537 1726 763 1790 nepotes
810 1726 1113 1791 precantur.
1191 1722 1328 1776 Cum
1383 1741 1547 1777 sanus
1597 1727 1752 1793 pater

128 1790 256 1858 fuit,
308 1809 377 1843 ne
414 1791 511 1844 has
550 1792 756 1845 uideret
801 1794 1018 1862 nuptias
1067 1793 1225 1864 fugit.
1301 1794 1501 1847 Parum
1547 1795 1750 1864 putatis

132 1878 388 1930 magnum
426 1866 804 1931 argumentum
842 1864 1166 1933 dementiae,
1219 1864 1362 1933 quod
1408 1866 1521 1935 egit
1569 1869 1752 1935 tyran-

65 1951 109 1982 25
133 1949 264 1983 num
302 1932 359 1984 in
398 1938 651 2001 mortem,
700 1939 878 2002 patres
926 1935 983 1986 in
1022 1935 1270 2003 exilium,
1319 1954 1503 1989 seruos
1540 1936 1599 1989 in
1636 1954 1751 1990 cru-

129 2001 283 2054 cem?
334 2002 614 2064 Quomodo
654 2005 745 2072 qui
785 2004 859 2057 sic
897 2005 1066 2075 fugis,
1118 2006 1193 2058 sic
1231 2006 1520 2059 conlocas‘?
1569 2006 1751 2078 hone-{1

129 2074 262 2125 stius
301 2074 422 2125 exul
463 2092 517 2126 es
556 2093 717 2143 quam
757 2093 918 2128 socer.
994 2074 1049 2128 Si
1091 2076 1239 2128 uoles
1279 2077 1523 2130 inuenire
1562 2080 1750 2148 generi

131 2312 228 2343 sua.
269 2300 452 2343 domine
483 2303 702 2356 migrauit
733 2303 770 2342 A
800 2304 901 2344 suai
934 2304 1147 2346 dominae
1181 2305 1400 2358 migrauit
1428 2306 1461 2345 B
1494 2317 1572 2347 sue
1607 2306 1750 2347 domi·

130 2369 217 2398 nae
250 2358 470 2411 migrauit
500 2359 548 2400 in
578 2360 626 2407 Τ,
657 2374 772 2401 corr.
803 2360 930 2404 Bure.
954 2358 970 2414 ΙΙ
995 2365 1031 2402 1.
1054 2363 1078 2402 2
1110 2362 1242 2402 uerba
1276 2361 1538 2403 cubiculum
1569 2393 1606 2404 ..
1627 2393 1636 2403 .
1666 2363 1750 2403 mi·

130 2413 285 2463 mabit
330 2427 408 2457 om.
447 2416 485 2455 A
600 2418 624 2456 2
665 2417 882 2470 migrauit
929 2418 1029 2468 1313
1088 2425 1271 2459 ceterum
1320 2424 1394 2460 aut
1450 2418 1528 2460 uel
1587 2431 1751 2461 seruus

128 2470 367 2510 addendum
425 2471 523 2522 (W.
561 2466 751 2524 Miiller)
810 2480 884 2515 aut
942 2487 1003 2515 an
1061 2487 1171 2516 uero
1240 2475 1423 2516 domina
1482 2475 1751 2517 scribendum

132 2526 330 2577 ‹xSclauth
366 2525 383 2578 Π
418 2529 444 2568 3
476 2528 673 2582 uitiqate
702 2529 741 2568 A
780 2527 796 2582 ΙΙ
831 2530 901 2571 illi
932 2531 969 2571 A
1011 2529 1027 2584 ΙΙ
1062 2533 1090 2571 4
1121 2532 1349 2586 contingit
1382 2532 1408 2572 c
1459 2530 1475 2585 ΙΙ
1516 2532 1750 2573 tirancida

132 2582 169 2621 A
199 2582 216 2634 ΙΙ
256 2584 282 2622 5
313 2582 466 2636 aliqua]
496 2583 642 2637 01·ιῆ
672 2586 695 2626 7
730 2587 822 2628 esti
852 2589 884 2627 Τ
914 2585 931 2639 ΙΙ
960 2589 986 2628 8
1018 2601 1107 2629 nou
1140 2602 1215 2630 οηι.
1252 2591 1284 2628 Τ
1325 2586 1341 2641 ΙΙ
1373 2589 1445 2639 Qd
1479 2587 1560 2629 ille
1593 2591 1626 2629 Τ
1667 2586 1683 2642 ΙΙ
1724 2590 1751 2629 9

133 2638 268 2679 alteri
299 2653 377 2679 mn.
401 2641 433 2680 Τ
469 2639 485 2692 ΙΙ
538 2642 584 2681 11
621 2643 660 2681 is
689 2642 796 2690 sort.
820 2644 903 2684 del.
942 2642 960 2697 ΙΙ
1010 2644 1192 2686 dotales
1220 2646 1283 2685 Ba
1333 2644 1349 2698 ΙΙ
1405 2647 1453 2686 12
1487 2658 1571 2686 nec
1594 2649 1752 2686 custos

130 2696 290 2738 Sclautt.
315 2695 331 2748 ΙΙ
361 2695 527 2737 relicti!
562 2697 663 2738 ΩΤ..
683 2695 699 2749 ΙΙ
732 2700 782 2739 13
815 2699 1065 2741 serraemus
1096 2701 1130 2741 B
1150 2699 1167 2754 ΙΙ
1199 2703 1250 2742 16
1282 2700 1569 2743 inferendum
1601 2702 1628 2742 c
1657 2698 1673 2754 ΙΙ
1699 2702 1751 2741 16

130 2757 201 2793 est
233 2752 332 2793 cius
363 2754 395 2792 Τ
418 2753 433 2805 ΙΙ
474 2755 524 2795 18
558 2755 761 2796 crucan-is
793 2753 928 2807 01⁸⁸ss
967 2758 1017 2798 19
1048 2758 1251 2799 custodit
1282 2759 1310 2798 C
1338 2756 1354 2811 ΙΙ
1390 2760 1444 2799 20
1474 2758 1607 2799 uerba
1638 2759 1751 2799 Pro-

131 2808 272 2903 gitius
304 2839 342 2849 ..
363 2840 373 2851 .
402 2810 542 2850 tiliam
575 2811 675 2852 add.
708 2810 743 2850 Β
784 2810 800 2863 ΙΙ
828 2813 879 2852 21
914 2813 1277 2865 quaeadmodum
1308 2815 1341 2855 B
1371 2813 1388 2867 ΙΙ
1425 2816 1478 2856 27
1513 2813 1755 2855 inuenit-cs

192 2866 402 2907 inuenies
434 2869 496 2906 ‘ra
