1942 3034
130 117 339 174 p.19913.
426 116 1029 162 CONTROVERSIARVM
1056 118 1174 160 LIB.
1195 118 1300 165 vn.
1329 121 1355 161 2
1377 118 1486 173 (17).
1640 115 1756 181 317*

131 242 340 312 Scipio,
395 242 440 295 P
532 242 605 296 ho
654 242 971 315 FabriflciuS,
1027 242 1304 296 Antiocho
1359 245 1495 296 alter
1547 243 1746 314 Scipi0,
1837 270 1845 275 ·

131 314 292 367 Perse
328 313 407 366 Pa
465 332 544 382 uS,
582 311 840 383 Spartaco
878 313 1127 382 Crassus,
1167 311 1406 366 Sertorio
1444 317 1500 366 et
1535 313 1748 368 Mithri-

131 386 252 438 date
289 383 608 452 Pompeius:
644 401 804 437 nemo
842 384 1014 437 hostis
1045 383 1280 438 Catilina
1315 384 1538 452 propius
1575 402 1748 439 acces-

130 456 215 508 sit.
272 453 467 507 Fertur
501 453 823 522 adprensum
863 472 1018 507 coma
1041 457 1204 524 caput
1239 456 1293 507 et
1328 454 1594 507 defluente
1631 473 1750 507 san-

87 543 110 575 5
214 526 224 535 '
269 542 299 576 e
358 524 505 577 hunc
565 524 741 592 ipsum
813 525 1063 593 inquinat
1123 525 1300 579 locum
1359 525 1419 577 in
1479 542 1587 594 quo
1649 543 1748 594 pro

128 542 363 663 §.d-gimo
402 593 624 647 dixerat.
700 593 1020 649 BVTEONIS.
1078 594 1323 657 Quantae
1357 595 1464 648 fuit
1500 594 1750 664 eloquen-

128 666 260 719 tiae!
317 664 571 733 probauit
615 665 683 716 ab
733 682 796 718 eo
843 683 956 719 non
1004 667 1240 719 occisum
1296 669 1505 734 patrem
1562 684 1594 718 a
1640 683 1748 735 quo

129 735 302 789 occidi
339 738 554 804 poterat
589 735 751 788 etiam
778 734 983 788 Cicero.
1060 735 1353 788 MARVLLI.
1403 734 1460 789 Si
1497 736 1749 790 inimicus

130 824 300 859 essem
325 806 584 874 patroniS,
625 808 868 874 optarem
893 809 954 859 ut
977 825 1099 859 reus
1137 806 1519 859 absolueretur.
1570 806 1749 876 Turpe

66 894 109 926 ιο
132 876 309 929 iudico
347 876 404 928 in
443 893 506 928 ea
543 876 760 928 ciuitate
796 876 1110 930 Ciceronem
1147 894 1260 929 non
1294 875 1508 929 defendi
1547 877 1605 928 in
1643 894 1750 946 qua

132 946 346 999 defendi
423 946 564 999 otuit
601 946 763 998 etiam
799 946 879 998 Po
919 947 1081 999 illius.

234 1016 372 1084 Popi
420 1016 527 1068 'um
573 1016 731 1083 pauci
777 1033 842 1067 ex
929 1016 1158 1069 istoricis
1202 1015 1540 1069 tradiderunt
1586 1016 1750 1069 inter-
1776 1025 1808 1073 8
1875 1083 1880 1086 ,

126 1086 384 1139 sectorem
440 1084 714 1138 Ciceronis
772 1089 826 1138 et
878 1086 935 1138 hi
991 1104 1099 1155 quo
1140 1104 1207 1139 ue
1253 1088 1439 1155 (non)
1493 1086 1749 1155 parricidi

128 1174 277 1208 reum
314 1174 346 1208 a
383 1155 640 1208 Cicerone
690 1155 995 1224 defensum,
1044 1104 1138 1209 sed
1172 1157 1231 1209 in
1266 1156 1480 1225 priuato
1519 1157 1745 1210 iudicio:

66 1243 107 1277 ιε
129 1226 576 1279 declamatoribus
624 1226 829 1294 placuit
885 1227 1138 1296 parricidi
1194 1245 1346 1279 reum
1399 1227 1582 1280 fuisse.
1658 1226 1747 1281 Sic

127 1300 308 1349 autem
346 1315 469 1349 eum
516 1300 769 1349 accusant
814 1300 1089 1366 tamquam
1138 1297 1354 1350 defendi
1399 1296 1513 1350 non
1557 1298 1746 1366 possit,

126 1384 248 1419 cum
285 1366 418 1419 adeo
454 1366 627 1435 possit
662 1366 885 1434 absolui,
925 1371 985 1419 ut
1020 1385 1089 1420 ne
1127 1368 1364 1420 accusari
1402 1366 1618 1437 quidem
1654 1387 1748 1437 po-

127 1437 307 1490 tuerit.
382 1436 649 1489 LATRONI
696 1455 808 1490 non
862 1438 1110 1506 placebat
1164 1438 1317 1490 illum
1375 1438 1451 1491 sic
1507 1438 1748 1492 accusari

127 1506 397 1576 quomodo
453 1506 671 1575 quidam
694 1507 699 1510 ’
726 1511 1139 1561 accusauerunt:
1198 1508 1373 1560 obicio
1428 1508 1554 1577 tibi,
1603 1509 1748 1577 quod

61 1594 105 1627 zo
128 1577 369 1630 occidisti
424 1577 725 1646 hominem,
772 1578 917 1647 quod
974 1579 1172 1646 ciuem,
1228 1578 1372 1647 quod
1427 1581 1746 1647 senatorem,

127 1647 270 1716 quod
309 1647 675 1716 consularem,
715 1649 859 1716 quod
897 1648 1236 1715 Ciceronem,
1276 1647 1422 1717 quod
1457 1652 1748 1718 patronum

124 1721 296 1773 tuum.
372 1718 473 1771 hac
511 1719 656 1771 enim
694 1720 901 1772 ratione
949 1737 1062 1772 non
1100 1719 1384 1790 adgrauari
1421 1718 1749 1790 indignatio-

126 1805 267 1855 nem,
305 1788 398 1840 sed
423 1788 659 1869 fatigari.
710 1790 891 1842 statim
918 1790 1013 1842 illo
1051 1789 1378 1842 ueniendum
1405 1792 1486 1843 est
1509 1791 1578 1842 ad
1602 1789 1748 1859 quod

0 1903 3 1907 ,
126 1862 382 1927 properat
418 1858 656 1926 auditor3
704 1877 830 1912 nam
868 1860 925 1912 in
963 1860 1183 1929 reliquis
1221 1859 1351 1912 adeo
1389 1860 1589 1913 bonam
1627 1878 1748 1914 cau-

64 1944 107 1976 25
129 1946 243 1980 sam
279 1927 443 1981 habet
480 1927 762 1998 Popillius,
800 1933 862 1982 ut
898 1930 1135 1983 detracto
1175 1948 1237 1983 eo
1277 1929 1422 1998 quod
1458 1933 1748 1999 patronum

0 2015 5 2063 ὲ
128 1997 339 2065 occidit,
378 1998 516 2051 nihil
554 1999 739 2069 negoti
776 1999 1058 2053 habiturus
1086 2001 1184 2069 sit3
1235 2001 1596 2069 patrocinium
1633 2001 1748 2054 eius

0 2071 3 2083 '
127 2072 209 2121 est
262 2068 438 2122 ciuilis
495 2068 622 2122 belli
679 2070 983 2123 necessitas.
1051 2071 1232 2139 itaque
1286 2071 1416 2124 nolo
1472 2088 1570 2140 per
1624 2071 1746 2125 illos

124 2155 275 2192 reum
330 2139 527 2208 gradus
579 2139 771 2192 ducere
827 2159 961 2209 quos
1016 2144 1196 2210 potest
1250 2141 1450 2195 totiens
1502 2141 1744 2196 euadere.

125 2350 288 2391 antoni
317 2349 425 2391 nale
455 2352 494 2391 Δ
531 2350 549 2405 Ι
591 2354 612 2393 1
645 2352 842 2407 pyrroho
871 2354 905 2393 B
935 2353 951 2407 ΙΙ
992 2356 1017 2395 2
1050 2353 1294 2395 metridate
1326 2357 1359 2395 Τ
1381 2353 1397 2408 ΙΙ
1427 2358 1453 2396 3
1485 2355 1643 2397 catina
1674 2357 1704 2395 0
1733 2354 1747 2410 Η

129 2408 155 2446 4
187 2408 208 2431 ⁸
233 2405 324 2446 fert
354 2406 386 2445 0
405 2405 425 2461 ΙΙ
458 2406 693 2462 adpressit
721 2410 759 2449 A
789 2409 1092 2463 adpraessum
1124 2411 1223 2463 ΒΤ,
1254 2424 1370 2453 corr.
1405 2410 1564 2456 Sonuit.
1587 2409 1603 2465 ΙΙ
1640 2413 1747 2455 coto

126 2464 160 2502 Τ
189 2461 206 2515 Ι
247 2461 524 2504 defluentem
553 2464 656 2505 σΤι
682 2463 989 2520 {sanguinem
1022 2469 1050 2506 c
1079 2466 1143 2520 115
1173 2466 1301 2509 locus
1331 2468 1360 2508 0
1381 2465 1397 2521 1
1418 2480 1499 2522 pro
1518 2467 1647 2523 pillio
1676 2470 1715 2509 Δ
1734 2467 1749 2521 Ιι

125 2519 152 2557 6
188 2523 363 2571 quanta
393 2519 430 2559 Δ
450 2517 468 2571 Ι
490 2521 515 2560 7
546 2520 763 2573 probabit
792 2523 821 2562 0
841 2520 858 2575 fl
880 2535 908 2563 a
939 2528 1117 2577 patrem
1147 2536 1175 2564 a
1206 2525 1236 2563 0
1257 2521 1274 2576 ΙΙ
1295 2523 1453 2578 aliquo
1478 2526 1542 2565 Το,
1562 2522 1579 2578 ΙΙ
1599 2527 1626 2568 8
1651 2538 1748 2567 ma-

128 2574 238 2626 rylli
272 2574 304 2613 0
343 2573 408 2626 19
438 2587 541 2617 ene
572 2577 602 2617 0
640 2574 658 2629 Ι
690 2578 743 2619 10
771 2578 943 2621 iudicio
974 2581 1004 2619 0
1035 2578 1209 2621 iudicii]
1241 2582 1297 2632 Τ,
1328 2593 1444 2624 corr.
1476 2580 1605 2622 Burs.
1696 2582 1746 2623 11

127 2629 328 2684 popilius
359 2632 389 2670 0
423 2628 441 2684 fl
476 2633 526 2674 18
555 2631 639 2673 sed
677 2633 714 2674 ii
742 2635 777 2674 Τ
817 2634 917 2676 aedi
954 2637 1006 2687 0,
1038 2649 1156 2678 corr.
1186 2636 1222 2676 Β
1260 2634 1276 2690 ΙΙ
1305 2649 1398 2679 non
1427 2637 1529 2679 add.
1561 2637 1597 2678 Ε
1695 2639 1749 2678 14

127 2685 397 2728 Ciceronem
431 2689 460 2726 c
507 2686 525 2741 Ι
577 2688 630 2730 18
661 2691 816 2731 autem
847 2689 952 2732 dum
983 2693 1083 2733 01⁸
1197 2697 1358 2747 posset
1389 2695 1422 2734 Τ
1538 2694 1590 2734 18
1620 2694 1690 2735 sic
1722 2694 1752 2733 fi

127 2744 340 2785 accusari
373 2742 630 2797 quodmodo
659 2743 727 2797 01
754 2746 811 2787 20
840 2746 1055 2789 accidisti
1084 2749 1114 2788 0
1188 2750 1243 2790 22
1274 2749 1391 2792 haec
1422 2751 1452 2790 0
1520 2751 1746 2792 rationem

126 2799 156 2838 ο
177 2796 194 2851 Ι
215 2800 270 2840 28
301 2797 382 2853 nit]
412 2804 459 2841 et
480 2802 509 2840 c
541 2800 602 2841 sit
623 2805 670 2842 et
699 2802 733 2841 Τ
753 2798 772 2853 Ι
792 2802 846 2844 28
877 2814 960 2856 per
1010 2816 1095 2846 uos
1115 2803 1274 2847 Schule.
1298 2803 1315 2858 ΙΙ
1336 2804 1358 2828 ·
1381 2806 1526 2848 totius
1548 2807 1578 2845 0
1598 2806 1745 2847 tutius

126 2856 175 2906 Τ,
207 2858 334 2897 tutus
367 2856 533 2902 [laone.
575 2856 646 2896 W.
671 2856 843 2907 ΜᾶΙΙεν,
878 2859 931 2902 Ν.
1011 2861 1139 2913 odvia
