1898 3054
137 144 247 182 VIII
765 129 1125 171 PRAEFATIO.

141 260 491 308 duodecimum
539 261 918 319 quaternionem
968 260 1039 306 ad
1082 260 1392 308 sterilitatem
1429 274 1528 320 eqs.
1604 257 1750 308 Idem

138 326 336 379 accidit
364 343 420 390 p.
450 325 572 391 300,
594 326 643 393 3,
682 325 775 377 ubi
801 324 1051 378 Vaticani
1088 326 1369 393 quaternio
1409 326 1748 379 duodecimus

138 397 264 449 finit
299 395 479 448 uerbis
519 398 734 457 ‘inferos
759 397 1030 460 perferam
1066 401 1300 448 licuisse'.
1355 396 1407 448 Is
1447 397 1588 449 enim
1625 414 1751 463 qua-

147 467 325 519 ternio
363 483 552 518 reuera
590 465 823 517 decimus
862 469 956 532 est,
995 466 1170 518 soluta
1207 484 1335 519 uero
1374 466 1751 518 fasciculorum

143 553 402 606 compage
451 535 629 587 sedem
678 535 910 588 mutauit
956 538 1009 587 et
1054 536 1112 587 in
1159 536 1528 589 duodecimum
1575 536 1753 588 locum

142 607 350 659 delatus
389 609 483 658 est.
561 604 714 666 Quod
752 606 844 657 ubi
881 605 1262 658 animaduertit
1310 609 1596 674 corrector,
1647 606 1753 673 pri-

142 678 348 730 stinum
398 676 639 728 ordinem
691 675 948 744 restituit,
997 676 1063 727 ad
1100 677 1398 746 marginem
1435 677 1536 729 hac
1574 675 1752 728 addita

142 751 299 800 nota:
348 749 630 798 ‘reuertere
675 751 747 797 ad
798 750 1042 799 decimum
1097 752 1522 810 quaternionem&
1597 745 1753 797 Hanc

146 835 359 886 quoque
415 819 601 868 notam
656 815 904 868 Toletani
964 816 1214 869 librarius
1268 816 1326 868 in
1382 816 1752 886 apographum

148 888 292 956 quod
340 887 656 939 conficiebat
701 886 1001 953 transtulit,
1052 887 1297 955 quamuis
1343 887 1463 939 loco
1512 886 1752 955 paullum

145 959 370 1010 mutato,
445 956 698 1025 Legimus
738 957 880 1009 enim
918 957 976 1008 in
1012 961 1052 1008 Τ
1090 962 1259 1010 ‘mare
1297 963 1498 1021 reliquit
1534 974 1752 1009 reuer-

136 1038 269 1080 tere
338 1032 420 1078 αα
490 1029 798 1080 decimum
871 1033 1340 1090 quaternionem
1403 1030 1752 1080 Moriendum'

140 1099 222 1168 (p.
250 1097 375 1166 299,
395 1097 502 1164 25).
555 1097 693 1149 Aliis
719 1115 932 1165 quoque
970 1097 1103 1150 locis
1141 1098 1200 1149 in
1236 1102 1276 1149 Τ
1312 1097 1586 1150 turbatum
1623 1101 1751 1165 erat,

142 1172 432 1237 antequam
471 1167 779 1237 bibliopega
804 1167 1084 1220 fasciculos
1118 1168 1176 1219 in
1203 1167 1445 1220 ordinem
1470 1168 1752 1237 redigeret,

144 1257 275 1308 quas
313 1238 499 1290 turbas
525 1237 613 1290 hic
640 1235 950 1290 enumerare
988 1238 1141 1307 nolo3
1181 1256 1347 1290 unum
1381 1237 1515 1291 addo
1543 1237 1754 1290 easdem

140 1310 200 1361 in
237 1308 504 1377 Brugensi
542 1326 753 1376 quoque
793 1309 972 1360 codice
1013 1307 1090 1429 [δὲ
1121 1308 1389 1376 adparere,
1428 1308 1568 1360 unde
1608 1308 1753 1360 euin-

141 1379 281 1431 citur
317 1379 463 1431 hunc
502 1396 566 1430 ex
604 1377 865 1430 Toletano
906 1396 1017 1430 esse
1093 1379 1395 1446 escriptum.

249 1449 541 1501 Toletanus
590 1448 757 1517 igitur
794 1449 930 1500 liber
968 1467 1031 1500 ex
1068 1448 1334 1502 Vaticano
1382 1449 1562 1516 fluxit,
1612 1447 1754 1500 ideo-

143 1537 246 1588 que
284 1519 462 1570 minus
511 1535 668 1587 aegre
705 1518 808 1570 tuli
845 1519 988 1587 quod
1035 1519 1198 1587 plena
1234 1537 1295 1571 ac
1341 1520 1482 1571 iusta
1519 1519 1630 1571 eius
1669 1537 1754 1571 co-

142 1589 273 1641 dicis
321 1589 608 1641 collatione
657 1589 792 1640 mihi
840 1589 1129 1655 carendum
1178 1592 1304 1641 erat.
1379 1589 1500 1657 Ipse
1548 1607 1677 1641 uero
1714 1593 1755 1641 Τ

140 1659 351 1711 mendis
406 1659 666 1726 scatebat,
730 1677 865 1727 quae
921 1659 1316 1712 recentissimus
1377 1660 1575 1711 saeculi
1622 1658 1754 1711 XVI

141 1732 413 1782 corrector
453 1730 572 1798 (Tb)
613 1729 802 1781 tollere
841 1730 1025 1782 sedulo
1074 1732 1296 1782 conatus
1335 1728 1458 1782 ests
1491 1729 1605 1782 Has
1643 1747 1754 1782 cor—

144 1803 382 1852 recturas
421 1799 614 1868 quibus
662 1799 959 1852 innumeris
1006 1800 1117 1852 fere
1164 1799 1296 1852 locis
1335 1818 1399 1851 ex
1448 1800 1754 1852 coniectura

111 1887 113 1889 ’
143 1870 381 1940 genuina
407 1869 638 1922 Senecae
676 1870 939 1938 scriptura
974 1870 1222 1923 restituta
1257 1873 1336 1922 est
1363 1868 1616 1923 Schottus
1641 1870 1753 1922 fere

141 1958 327 1994 omnes
376 1941 433 1992 in
471 1942 761 1992 uerborum
812 1940 1055 1992 ordinem
1099 1940 1325 2009 recepit3
1373 1940 1497 1992 inde
1545 1940 1603 1992 in
1639 1941 1752 1992 uol—

138 2014 321 2081 gatam
375 2028 534 2078 quam
581 2010 788 2078 ferunt,
838 2011 871 2062 i.
922 2029 964 2062 e.
1017 2010 1417 2063 Gronovianam
1464 2010 1753 2063 editionem

141 2081 271 2133 anni
313 2081 450 2133 1672
496 2081 771 2132 transiere.
835 2081 1014 2148 Atque
1053 2085 1112 2132 ut
1153 2080 1371 2133 tandem
1409 2081 1754 2150 intellegatur

145 2169 251 2220 quo
300 2151 653 2203 fundamento
693 2149 924 2203 Senecae
970 2151 1129 2203 lectio
1167 2152 1396 2219 nitatur,
1445 2169 1532 2203 eas
1570 2151 1628 2203 in
1666 2150 1753 2202 ad-

138 2221 422 2274 notatione
460 2239 578 2273 mea
604 2221 843 2289 adposui.
908 2221 1050 2289 quod
1077 2224 1255 2273 autem
1281 2222 1514 2289 priorem
1541 2239 1754 2289 quoque

139 2291 390 2344 Toletani
428 2291 748 2359 scripturam
776 2290 903 2362 [Ta],
943 2292 1187 2360 quamuis
1214 2310 1245 2343 a
1271 2294 1569 2344 correctore
1596 2309 1752 2359 saepe

139 2362 310 2415 cultro
369 2361 611 2414 funditus
669 2362 921 2429 deletam,
980 2364 1162 2414 tamen
1208 2362 1522 2430 plerumque
1571 2361 1751 2431 legere

138 2432 273 2483 mihi
321 2431 574 2500 contigit,
624 2431 679 2483 id
724 2432 984 2484 beneficio
1024 2431 1319 2501 Brugensis
1367 2431 1563 2484 codicis
1601 2431 1752 2483 debe-

138 2505 244 2570 tur,
284 2519 349 2553 ex
385 2507 425 2553 Τ
462 2502 600 2554 sicut
638 2502 747 2553 dixi
785 2504 1073 2570 antequam
1100 2503 1457 2572 corrigeretur
1482 2499 1750 2569 descripti.

245 2570 298 2624 V
344 2571 508 2623 Hunc
554 2572 697 2624 enim
746 2572 943 2624 librum
1019 2572 1080 2644 S]
1132 2573 1260 2625 olim
1309 2572 1754 2640 Brugensem,

137 2659 284 2694 nunc
331 2641 735 2694 Bruxellensem
781 2661 862 2695 nr.
902 2643 967 2694 97
1010 2643 1067 2711 8,
1116 2643 1336 2694 membr.
1388 2642 1585 2694 saeculi
1632 2641 1753 2709 XV,

139 2712 255 2780 ipse
301 2712 359 2764 in
406 2712 654 2764 manibus
699 2712 880 2764 habui.
956 2712 1167 2764 Primae
1207 2711 1487 2765 Suasoriae
1536 2712 1753 2763 initium

142 2785 224 2850 (p.
257 2782 464 2851 1-5,4
504 2787 620 2834 ‘non
648 2787 788 2834 esset’
828 2783 910 2835 bis
936 2783 1208 2851 scriptum,
1247 2800 1368 2835 cum
1405 2781 1553 2850 prior
1578 2782 1752 2834 scriba

139 2852 323 2920 paullo
362 2852 639 2920 uetustior,
680 2853 922 2920 quamuis
962 2855 1015 2904 et
1051 2853 1164 2921 ipse
1202 2852 1398 2905 saeculi
1432 2851 1553 2920 XV,
1595 2852 1754 2921 (falsa
