1936 3100
201 143 309 196 490
642 196 644 198 v
727 140 955 182 ANNAm
986 137 1261 183 SENECAE
1603 157 1646 197 p.
1664 144 1746 185 316
1762 143 1812 186 B.

466 347 1170 417 <CONTROVERSIA
1213 348 1550 419 XXXIII.)

204 476 551 545 Reipublicae
599 476 772 528 laesae
811 475 882 527 sit
918 475 1074 527 actio,
1151 474 1378 537 Quidam
1415 468 1685 545 expositos
1725 476 1811 528 de-

346 546 598 599 bilitabat
647 548 700 597 et
756 545 1064 598 debilitatos
1120 545 1422 599 mendicare
1482 548 1707 616 cogebat
1755 564 1815 599 ac

347 615 644 739 {girlcseaielrln
692 616 939 685 exigebat
985 616 1051 668 ab
1102 615 1192 668 eis.
1266 617 1589 684 reipublicae
1643 617 1815 670 laesae
1859 703 1879 736 5

150 783 177 828 1
312 784 498 837 PORCI
518 784 832 836 LATRONIS.
862 784 1157 836 Aestimate
1180 784 1335 852 quale
1362 785 1432 837 sit
1456 786 1626 838 scelus
1645 785 1816 853 istius,

208 856 266 908 in
305 873 411 923 quo
449 854 580 907 laesi
617 856 796 922 patres
822 856 962 923 (ne)
999 854 1193 906 liberos
1231 873 1354 908 suos
1392 858 1821 925 autagnoscant

208 928 302 978 aut
338 925 600 993 recipiant
637 925 797 977 etiam
832 925 1101 978 confessas
1138 925 1362 978 iniurias
1396 927 1589 981 tacent.
1640 925 1821 979 Vecti-

208 995 344 1065 galis
382 996 473 1047 isti
512 994 796 1047 crudelitas
833 995 943 1047 fuit
967 1013 1029 1048 eo
1069 995 1242 1065 magis
1280 996 1423 1065 quod
1450 1014 1634 1058 omnes
1671 1003 1820 1064 prae-

175 1065 290 1118 *ter
326 1066 489 1117 istum
537 1065 905 1118 misericordes
944 1083 1140 1117 sumus,
1216 1066 1545 1119 mendicares
1592 1067 1697 1119 nisi
1733 1068 1817 1118 tot
1842 1083 1882 1115 10

210 1134 484 1188 mendicos
534 1134 764 1188 fecisses
839 1135 1035 1188 Effecit
1083 1135 1336 1188 scelestus
1389 1136 1517 1205 iste,
1566 1139 1627 1188 ut
1673 1153 1819 1189 nouo

211 1223 360 1258 more
397 1204 537 1256 nihil
576 1208 715 1257 esset
749 1205 992 1258 miserius
1031 1206 1286 1274 expositis
1325 1225 1485 1275 quam
1522 1207 1692 1276 (tolli,
1731 1225 1820 1274 pa-

153 1279 184 1325 2
212 1275 453 1327 rentibus
517 1276 713 1343 quam>
775 1293 1075 1345 agnoscere.
1152 1275 1322 1329 CASSI
1385 1275 1616 1329 SEVERI.
1678 1276 1822 1329 Hinc

214 1345 355 1398 caeci
405 1345 699 1397 innitentes
736 1345 940 1398 baculis
979 1348 1272 1415 uagantur,
1310 1346 1439 1399 hinc
1476 1350 1667 1399 trunca
1703 1347 1821 1399 bra-

214 1416 336 1468 chia
394 1415 803 1484 circumferunt,
860 1415 986 1468 huic
1048 1417 1293 1470 conuulsi
1354 1417 1550 1486 pedum
1608 1417 1820 1469 articuli
1844 1434 1884 1466 15
1935 1445 1936 1477 ξ

214 1488 341 1539 sunt
379 1487 434 1537 et
470 1485 601 1538 torti
638 1486 761 1554 tali,
812 1485 938 1539 huic
976 1487 1106 1540 elisa
1143 1505 1322 1556 crura,
1361 1487 1508 1540 illius
1545 1487 1821 1540 inuiolatis
1935 1488 1936 1510 ³

213 1555 439 1625 pedibus
466 1556 815 1624 cruribusque
842 1556 1044 1610 femina
1069 1558 1340 1610 contudit:
1367 1557 1522 1611 aliter
1555 1558 1614 1610 in
1644 1576 1822 1627 quem-

215 1644 318 1695 que
379 1627 623 1679 saeuiens
682 1626 975 1697 ossifragus
1022 1628 1123 1680 iste
1172 1628 1390 1681 alterius
1444 1628 1663 1681 brachia
1715 1647 1822 1680 am-

212 1699 395 1765 putat,
435 1697 654 1749 alterius
693 1702 938 1767 eneruat,
979 1698 1143 1751 alium
1182 1698 1494 1767 distorquet,
1535 1699 1700 1751 alium
1738 1698 1823 1750 de-

211 1767 444 1832 lumbat,
498 1767 716 1820 alterius
755 1767 1044 1821 diminutas
1083 1786 1171 1822 sca
1210 1770 1324 1822 ulas
1362 1770 1420 1821 in
1459 1769 1695 1822 deforme
1735 1787 1820 1821 ex·
1844 1786 1886 1820 20

212 1836 409 1890 tundit*
448 1838 675 1907 (tuber)
730 1841 783 1891 et
843 1839 1007 1891 risum
1075 1788 1206 1911 [inlJ
1254 1840 1566 1893 crudelitate
1628 1842 1821 1908 captat.

213 1906 452 1975 Produ0,
500 1908 753 1978 agedum,
811 1908 1073 1961 familiam
1120 1911 1462 1980 semiuiuam,
1521 1911 1821 1980 tremulam,

213 1978 459 2049 debilem,
499 1996 725 2048 caecam,
764 1998 1024 2048 mancam,
1051 1980 1380 2050 famelicam3
1421 1981 1640 2034 ostende
1666 1981 1822 2033 nobis

212 2049 455 2116 captiuos
503 2052 640 2101 tuos,
715 2050 857 2102 Volo
908 2051 1238 2103 mehercules
1294 2070 1452 2104 nosse
1502 2051 1654 2103 illum
1708 2069 1822 2118 spe·
1935 2102 1936 2108 ,

214 2136 334 2171 cum
359 2122 528 2188 tuum,
555 2119 704 2172 illam
730 2119 1085 2174 humanarum
1113 2122 1497 2174 calamitatium
1526 2121 1814 2188 officinam,
1839 2135 1880 2168 25

354 2319 379 2356 2
413 2318 481 2359 sic
512 2318 543 2356 0
583 2316 599 2370 ΙΙ
641 2319 875 2371 expositos
907 2318 1138 2359 educabat
1169 2320 1203 2358 E
1240 2317 1256 2372 ΙΙ
1287 2320 1314 2359 4
1347 2319 1474 2360 laesa
1504 2320 1537 2359 B
1579 2318 1594 2372 ΙΙ
1636 2322 1661 2360 5
1694 2332 1826 2360 exeu-

213 2375 341 2414 satur
371 2374 399 2412 G
429 2370 444 2424 ΙΙ
482 2374 507 2412 6
540 2374 785 2414 aestimata
815 2373 981 2426 equale
1013 2375 1112 2414 c'ra
1142 2373 1158 2428 ΙΙ
1195 2375 1443 2416 scelustius
1476 2377 1504 2415 0
1525 2373 1542 2429 ΙΙ
1578 2379 1602 2417 7
1633 2389 1691 2417 ne
1722 2377 1824 2419 add.

212 2430 248 2469 E
270 2426 285 2481 ΙΙ
310 2441 389 2469 suo
420 2429 482 2467 Ta
503 2426 518 2481 ΙΙ
557 2434 646 2475 aut>
666 2433 718 2470 ut
747 2433 779 2469 T
802 2428 817 2483 ΙΙ
854 2432 880 2471 8
912 2430 1120 2473 imiurias
1149 2432 1183 2470 B
1206 2429 1222 2485 ΙΙ
1252 2433 1277 2472 9
1308 2432 1426 2472 istus
1457 2433 1485 2471 G
1514 2432 1651 2473 istius
1684 2435 1716 2472 T
1738 2430 1755 2485 ΙΙ
1785 2434 1824 2475 9.

215 2487 267 2526 10
298 2488 433 2537 pater
462 2485 601 2525 istum
630 2484 667 2524 A
699 2484 714 2538 ΙΙ
747 2488 799 2528 10
830 2486 1090 2528 mendicare
1120 2488 1158 2526 A
1189 2485 1204 2541 ΙΙ
1236 2489 1285 2528 11
1319 2487 1621 2530 scelestustus
1650 2489 1688 2528 A
1710 2487 1725 2541 ΙΙ
1759 2490 1823 2528 12.

217 2543 268 2582 13
299 2541 431 2581 uerba
460 2540 565 2582 tolli
597 2572 606 2582 .
631 2572 640 2582 .
669 2573 678 2582 .
712 2556 849 2596 quam
878 2543 980 2584 add.
1011 2545 1046 2582 E
1087 2542 1103 2596 ΙΙ
1146 2545 1199 2584 14
1229 2548 1457 2585 uacantur
1486 2545 1608 2585 hunc
1638 2545 1676 2584 A
1714 2543 1731 2597 ss
1774 2546 1826 2585 15

214 2596 601 2638 circumferuntur
632 2601 664 2638 T
703 2596 722 2653 Ι]
763 2600 815 2639 16
846 2600 894 2639 in
923 2599 1051 2640 illius
1080 2601 1233 2640 AaBT
1273 2598 1289 2654 ΙΙ
1331 2602 1382 2642 17
1416 2601 1722 2654 crudibusque
1754 2602 1783 2639 c
1813 2598 1825 2653 Η

215 2652 420 2693 contodit
450 2653 484 2692 Β
524 2655 723 2695 contulit
754 2658 815 2695 Ta
843 2653 859 2708 ΙΙ
898 2668 1167 2709 quemquem
1198 2657 1229 2695 0
1258 2655 1274 2710 ΙΙ
1313 2658 1364 2698 19
1395 2658 1528 2699 uerba
1559 2657 1699 2698 alium
1720 2656 1762 2696 d.
1784 2670 1823 2697 a.

215 2708 446 2749 delumbat
485 2722 561 2750 om.
593 2711 631 2749 A
666 2709 681 2764 ΙΙ
720 2713 784 2753 19.
809 2714 863 2752 20
894 2712 1130 2761 delumbat,
1165 2713 1357 2754 alterius
1398 2717 1592 2754 eneruat
1631 2713 1825 2755 alterius

215 2764 465 2805 diminutas
497 2766 572 2806 BT
613 2764 628 2819 Η
679 2770 732 2808 20
763 2768 966 2821 scapulis
998 2772 1061 2809 Ta.
1099 2767 1115 2822 ΙΙ
1163 2769 1407 2810 defortune
1439 2772 1499 2809 Ta
1546 2767 1562 2823 ΙΙ
1608 2771 1658 2810 21
1691 2769 1826 2810 tuber

215 2822 316 2864 add.
349 2821 384 2860 E
406 2818 422 2874 ΙΙ
443 2820 490 2860 in
521 2824 603 2864 del.
626 2823 758 2867 Burs.
783 2823 799 2877 ΙΙ
820 2826 874 2865 22
895 2826 1124 2879 agendum
1143 2828 1175 2864 T
1196 2823 1212 2878 ΙΙ
1235 2826 1442 2867 seuiuam
1459 2827 1486 2865 c
1508 2824 1523 2879 ΙΙ
1545 2828 1600 2867 25
1617 2829 1712 2866 tum
1732 2827 1824 2879 §Ta

215 2889 294 2918 om.
327 2878 388 2917 Tb
410 2875 426 2930 ΙΙ
449 2877 530 2919 illa
560 2880 611 2932 A,
644 2893 721 2921 om.
754 2882 786 2920 B
