1936 3100
188 163 293 215 348
594 192 597 196 .
710 162 945 207 ANNAEI
975 166 1251 208 SENECAE
1594 172 1731 223 μην)
1751 171 1804 212 Β.

189 287 467 339 dominum
505 287 700 341 occidit
722 306 823 341 nec
859 289 1068 342 adulter
1092 289 1310 344 domino
1347 311 1617 346 uenenum
1643 293 1803 347 dedit.

124 417 130 423 .
187 375 301 410 non
348 360 428 410 est
478 359 792 411 beneficium
839 359 1035 412 scelere
1087 361 1368 414 abstinere.
1444 367 1498 415 et
1542 367 1803 433 tyrannus

187 428 432 495 permisit
478 428 720 481 dominas
768 447 980 498 rapere,
1027 448 1140 483 non
1189 433 1381 501 coegit.
1455 433 1663 486 Deinde
1701 434 1804 487 hoc

187 498 508 551 beneficium
546 499 659 551 eius
697 499 841 567 quod
876 500 1062 552 laudas
1098 519 1276 554 serua:
1316 503 1517 572 alioqui
1552 505 1804 556 iniuriam

187 567 342 637 fecit,
392 568 437 620 si
472 587 586 621 non
634 569 893 622 subducta
940 574 1022 623 est
1069 572 1296 624 iniuriae
1354 573 1446 626 sed
1500 577 1799 626 reseruata:
1825 590 1851 623 5

187 642 318 691 tunc
354 641 538 690 tamen
564 639 824 692 solacium
860 640 1066 710 fuisset,
1106 660 1226 694 cum
1252 644 1435 696 multis
1460 645 1590 712 pati.
1641 644 1805 697 Deni-

189 727 291 777 que
338 709 473 760 aliae
520 709 580 761 in
631 710 916 778 tyrannide
952 730 1138 780 passae
1177 716 1326 781 sunt,
1375 713 1507 766 haec
1544 715 1603 766 in
1649 715 1806 767 liber-

188 782 327 847 tate3
368 781 573 831 ceterae
613 781 922 833 absentibus
961 782 1095 850 suiS,
1144 782 1275 835 haec
1313 785 1708 853 praesentibus3
1748 786 1806 836 in

190 848 307 901 aliis
355 851 602 917 stuprum
648 851 968 920 uocabatur,
1016 853 1074 903 in
1121 851 1221 905 hac
1265 854 1698 906 matrimonium:
1747 855 1806 906 in

190 919 310 971 aliis
346 920 470 972 finis
497 921 880 989 expectabatur
916 922 1160 989 iniuriae,
1199 923 1258 975 in
1284 923 1385 976 hac
1409 925 1619 993 nullus3
1659 925 1803 977 deni·
1826 940 1871 972 10

190 1007 293 1058 que
348 989 563 1042 illarum
610 994 938 1059 stupratores
987 993 1169 1044 suffixi
1217 997 1365 1061 sunt,
1414 995 1574 1047 huius
1620 1014 1805 1047 manu-

189 1060 384 1112 missus
423 1063 516 1113 est.
591 1060 799 1113 Deinde
838 1061 974 1130 (de)
1012 1063 1192 1115 animo
1232 1065 1386 1116 serui.

106 1136 172 1182 14
296 1129 498 1183 LATRO
538 1131 773 1183 colorem
811 1150 842 1183 a
877 1132 956 1183 fili
992 1136 1171 1201 parte,
1212 1152 1374 1202 quare
1413 1153 1526 1187 non
1563 1135 1806 1187 uitiasset

190 1217 389 1268 seruOS‚
427 1202 572 1253 hunc
608 1200 762 1254 fecit:
804 1202 1044 1255 timuisse
1082 1203 1234 1255 illum
1269 1205 1607 1273 supplicium,
1647 1205 1804 1257 scisse

187 1270 455 1338 futurum,
504 1274 566 1322 ut
611 1271 837 1323 liberata
881 1273 1159 1340 republica
1215 1292 1399 1326 omnes
1453 1293 1653 1343 poenas
1710 1275 1802 1343 qui
1828 1290 1870 1323 15

189 1340 648 1393 contaminassent
693 1341 938 1394 dominas
985 1361 1106 1395 suas
1153 1343 1365 1412 darent3
1417 1349 1470 1397 et
1517 1345 1805 1398 aduentare

188 1411 297 1462 iam
350 1413 562 1479 tempus
618 1411 869 1464 ultimum
922 1413 1198 1481 tyrannidi
1246 1414 1528 1467 uidebatur
1577 1419 1694 1467 tum
1739 1416 1805 1467 ad

190 1499 452 1532 summam
489 1482 775 1550 perductae
813 1482 1042 1551 rabiem,
1095 1501 1231 1552 quae
1268 1502 1562 1553 numquam
1598 1485 1705 1537 nisi
1743 1504 1807 1538 ex

191 1551 560 1619 desperatione
598 1553 673 1604 fit.
748 1552 937 1621 Itaque
976 1572 1096 1605 cum
1130 1554 1353 1622 uideret,
1391 1555 1585 1624 inquit,
1624 1555 1806 1625 suffigi

189 1621 338 1674 cruci
383 1639 564 1674 seruos
577 1664 590 1690 ‚
641 1622 930 1675 clamabat:
977 1623 1082 1677 hoc
1121 1642 1221 1693 ego
1272 1625 1515 1677 futurum
1554 1627 1800 1678 sciebam.
1826 1641 1870 1672 20

187 1691 254 1743 In
301 1692 492 1744 ultima
541 1693 783 1745 oratione
831 1693 1033 1746 LATRO
1073 1694 1231 1746 dixit:
1282 1696 1423 1747 serui
1461 1713 1671 1764 quoque
1708 1715 1803 1748 no-

188 1762 332 1814 mine
379 1766 556 1814 tecum
596 1763 744 1831 queri
783 1781 1030 1832 possum,
1069 1783 1228 1833 quem
1238 1807 1253 1833 ,
1293 1766 1385 1834 qui
1421 1766 1568 1835 frugi
1614 1766 1804 1834 fuerat,

187 1850 421 1901 nequam
458 1833 650 1885 fecisti.
726 1835 1024 1888 ALBVCIVS
1062 1834 1168 1887 hoc
1208 1836 1382 1888 colore
1420 1854 1546 1888 usus
1586 1840 1686 1888 est:
1726 1837 1806 1888 in-

187 1907 400 1955 matura
437 1904 599 1955 etiam
646 1904 827 1972 puella
862 1923 961 1957 nec
999 1905 1171 1957 adhuc
1209 1906 1436 1958 iniuriae
1483 1907 1702 1975 idonea,
1753 1910 1806 1959 et

189 1972 309 2026 ideo
347 1973 496 2026 illam
535 1991 646 2026 non
681 1974 1013 2044 abduximUS,
1035 1976 1162 2044 quia
1200 1977 1389 2029 aetatis
1429 1978 1686 2029 beneficio
1725 1980 1803 2045 ty-
1826 1990 1869 2022 25

104 2050 169 2099 15
188 2043 467 2096 rannidem
515 2045 711 2097 sentire
749 2063 861 2097 non
897 2048 1124 2114 poterat.
1187 2045 1431 2100 CESTIVS
1462 2047 1479 2116 ΙΙ
1507 2047 1664 2099 dixit:
1705 2065 1804 2116 ego

188 2114 351 2181 plane
387 2133 502 2167 non
540 2133 657 2167 sum
683 2114 1017 2168 detracturus
1055 2133 1210 2168 seruo
1249 2135 1399 2169 suam
1436 2117 1674 2168 laudem:
1713 2116 1804 2168 ha-

187 2185 308 2236 buit
342 2185 541 2237 bonam
578 2188 839 2254 mentem3
880 2186 1116 2254 sperauit
1151 2204 1309 2253 posse
1334 2187 1466 2254 fieri,
1504 2190 1579 2254 ut,
1619 2187 1664 2238 si
1700 2187 1805 2238 uir-

188 2253 371 2322 ginem
418 2259 706 2322 seruasset,
764 2257 969 2323 nuptiis
1017 2255 1267 2307 dominae
1316 2257 1801 2309 manumitteretur.

189 2323 412 2377 VARIVS
442 2323 710 2377 GEMINVS
750 2325 849 2377 ait:
888 2325 1117 2377 fortasse
1143 2326 1368 2378 amicam
1406 2326 1660 2379 habebat:
1700 2327 1799 2380 hac
1823 2342 1865 2374 30

304 2524 326 2562 1
359 2534 415 2562 ne
449 2522 647 2563 adulteri
679 2524 707 2561 C
743 2520 758 2576 ΙΙ
795 2525 820 2564 3
852 2522 1035 2564 domina
1067 2526 1095 2563 0
1127 2523 1306 2565 domina
1336 2528 1383 2576 T,
1416 2538 1530 2569 corr,
1564 2525 1694 2565 Burs.
1726 2524 1742 2579 ΙΙ
1777 2527 1805 2566 4

187 2591 347 2620 seruos
379 2579 432 2629 0,
469 2591 584 2620 corr.
615 2578 745 2619 Burs.
776 2576 791 2632 ΙΙ
833 2579 1039 2632 alioquin
1071 2583 1104 2620 T
1144 2578 1160 2633 ss
1200 2582 1225 2621 6
1258 2580 1473 2634 denique]
1508 2583 1626 2634 quod
1658 2583 1714 2634 Ε,
1747 2596 1803 2621 (ιη

186 2635 285 2687 pati
316 2634 451 2676 idem.
497 2635 627 2685 Quod
651 2637 671 2675 ἱ)
701 2633 717 2687 ΙΙ
746 2637 771 2676 9
805 2635 892 2675 alis
924 2637 952 2675 C
981 2634 997 2689 Η
1037 2639 1266 2689 struprum
1296 2638 1333 2676 A
1370 2635 1386 2690 ΙΙ
1429 2641 1480 2679 10
1512 2638 1597 2678 alis
1630 2640 1658 2677 G
1686 2636 1702 2691 ΙΙ
1744 2638 1801 2677 si-

186 2692 261 2732 nis
290 2691 324 2730 B
365 2689 381 2743 ΙΙ
424 2692 473 2730 11
509 2690 684 2732 suffixis
716 2692 848 2731 huius
878 2693 916 2731 A
956 2690 972 2745 ΙΙ
1003 2695 1053 2733 12
1086 2693 1142 2734 de
1174 2707 1249 2737 om,
1282 2695 1310 2732 G
1342 2691 1358 2747 ΙΙ
1398 2696 1448 2735 17
1480 2706 1583 2734 cum
1614 2694 1645 2732 0
1675 2699 1717 2734 et
1750 2695 1801 2733 18

186 2747 408 2800 perducta
439 2748 494 2797 0,
526 2761 640 2790 corr.
673 2747 830 2788 Schult.
854 2745 870 2801 H
902 2750 954 2789 19
988 2749 1290 2801 deparatione
1320 2750 1354 2789 B
1389 2747 1406 2802 11
1428 2749 1603 2790 sufficit
1634 2751 1662 2788 c
1690 2748 1706 2802 ss
1746 2751 1802 2790 24

187 2842 346 2896 etiam]
381 2848 480 2885 erat
500 2847 520 2886 ⁸?
553 2845 681 2886 Burs.
718 2843 733 2898 ΙΙ
775 2847 829 2887 25
863 2846 1131 2888 adduximus
1161 2847 1240 2886 ΒΤ
1291 2844 1307 2900 ΙΙ
1347 2848 1426 2901 qui
1457 2847 1597 2889 etatis
1628 2848 1661 2886 B
1703 2825 1801 2900 da&

186 2902 280 2941 atis
311 2902 348 2940 A
377 2898 394 2954 ΙΙ
434 2904 487 2943 26
519 2900 700 2943 Certius
729 2903 762 2941 B
