<?xml version="1.0" encoding="UTF-8"?>
<!DOCTYPE html PUBLIC "-//W3C//DTD XHTML 1.0 Transitional//EN"
    "http://www.w3.org/TR/xhtml1/DTD/xhtml1-transitional.dtd">
<html xmlns="http://www.w3.org/1999/xhtml" xml:lang="en" lang="en">
 <head>
  <title>
</title>
<meta http-equiv="Content-Type" content="text/html;charset=utf-8" />
  <meta name='ocr-system' content='tesseract 3.04.00' />
  <meta name='ocr-capabilities' content='ocr_page ocr_carea ocr_par ocr_line ocrx_word'/>
</head>
<body>
  <div class='ocr_page' id='page_1' title='image "./oratorumetrhetor00seneuoft/oratorumetrhetor00seneuoft_0100.png"; bbox 0 0 1976 3054; ppageno 0'>
   <div class='ocr_carea' id='block_1_1' title="bbox 211 125 1827 194">
    <p class='ocr_par' dir='ltr' id='par_1_1' title="bbox 211 125 1827 194">
     <span class='ocr_line' id='line_1_1' title="bbox 211 125 1827 194; baseline -0.003 -14"><span class='ocrx_word' id='word_1_1' title='bbox 211 141 280 194; x_wconf 79' lang='lat'>80</span> <span class='ocrx_word' id='word_1_2' title='bbox 743 138 977 181; x_wconf 78' lang='grc' dir='ltr'><strong>ΑΝΝΑΕΙ</strong></span> <span class='ocrx_word' id='word_1_3' title='bbox 1006 125 1280 179; x_wconf 68' lang='lat' dir='ltr'>SENECAE</span> <span class='ocrx_word' id='word_1_4' title='bbox 1535 137 1538 139; x_wconf 65' lang='grc'><strong><em>’</em></strong></span> <span class='ocrx_word' id='word_1_5' title='bbox 1632 150 1675 189; x_wconf 87' lang='lat' dir='ltr'>p</span> <span class='ocrx_word' id='word_1_6' title='bbox 1700 137 1753 177; x_wconf 81' lang='lat'>67</span> <span class='ocrx_word' id='word_1_7' title='bbox 1775 136 1827 178; x_wconf 87' lang='lat' dir='ltr'>B.</span> 
     </span>
    </p>
   </div>
   <div class='ocr_carea' id='block_1_2' title="bbox 139 261 1873 894">
    <p class='ocr_par' dir='ltr' id='par_1_2' title="bbox 139 261 1873 894">
     <span class='ocr_line' id='line_1_2' title="bbox 216 261 1828 347; baseline -0.004 -29"><span class='ocrx_word' id='word_1_8' title='bbox 216 267 483 347; x_wconf 82' lang='lat' dir='ltr'>rogasset,</span> <span class='ocrx_word' id='word_1_9' title='bbox 523 265 568 316; x_wconf 88' lang='lat' dir='ltr'>si</span> <span class='ocrx_word' id='word_1_10' title='bbox 603 266 666 316; x_wconf 89' lang='lat' dir='ltr'>tu</span> <span class='ocrx_word' id='word_1_11' title='bbox 702 281 815 316; x_wconf 89' lang='lat' dir='ltr'>non</span> <span class='ocrx_word' id='word_1_12' title='bbox 851 262 1068 329; x_wconf 79' lang='lat' dir='ltr'>fuisses3</span> <span class='ocrx_word' id='word_1_13' title='bbox 1107 261 1307 330; x_wconf 89' lang='lat' dir='ltr'>poterit</span> <span class='ocrx_word' id='word_1_14' title='bbox 1342 261 1498 314; x_wconf 90' lang='lat' dir='ltr'>nobis</span> <span class='ocrx_word' id='word_1_15' title='bbox 1525 261 1828 328; x_wconf 87' lang='lat' dir='ltr'>conuenire,</span> 
     </span>
     <span class='ocr_line' id='line_1_3' title="bbox 218 303 1830 411; baseline -0.004 -22"><span class='ocrx_word' id='word_1_16' title='bbox 218 337 263 390; x_wconf 89' lang='lat' dir='ltr'>si</span> <span class='ocrx_word' id='word_1_17' title='bbox 299 354 413 388; x_wconf 90' lang='lat' dir='ltr'>non</span> <span class='ocrx_word' id='word_1_18' title='bbox 450 334 615 387; x_wconf 84' lang='lat' dir='ltr'>fuerit</span> <span class='ocrx_word' id='word_1_19' title='bbox 659 334 717 386; x_wconf 89' lang='lat' dir='ltr'>in</span> <span class='ocrx_word' id='word_1_20' title='bbox 761 333 936 385; x_wconf 89' lang='lat' dir='ltr'>medio</span> <span class='ocrx_word' id='word_1_21' title='bbox 985 303 1144 400; x_wconf 75' lang='lat' dir='ltr'>qu⁷em</span> <span class='ocrx_word' id='word_1_22' title='bbox 1189 331 1369 411; x_wconf 84' lang='lat' dir='ltr'>potius</span> <span class='ocrx_word' id='word_1_23' title='bbox 1415 332 1595 383; x_wconf 90' lang='lat' dir='ltr'>miseri</span> <span class='ocrx_word' id='word_1_24' title='bbox 1648 335 1830 383; x_wconf 90' lang='lat' dir='ltr'>contu-</span> 
     </span>
     <span class='ocr_line' id='line_1_4' title="bbox 139 402 1831 475; baseline -0.004 -16"><span class='ocrx_word' id='word_1_25' title='bbox 139 411 206 459; x_wconf 85' lang='lat'>25</span> <span class='ocrx_word' id='word_1_26' title='bbox 221 424 396 459; x_wconf 89' lang='lat' dir='ltr'>maces</span> <span class='ocrx_word' id='word_1_27' title='bbox 450 407 662 475; x_wconf 82' lang='lat' dir='ltr'>rogent</span> <span class='ocrx_word' id='word_1_28' title='bbox 745 403 1154 455; x_wconf 80' lang='lat' dir='ltr'><strong>HERMAGORAS</strong></span> <span class='ocrx_word' id='word_1_29' title='bbox 1206 402 1264 454; x_wconf 89' lang='lat' dir='ltr'>in</span> <span class='ocrx_word' id='word_1_30' title='bbox 1312 402 1414 454; x_wconf 90' lang='lat' dir='ltr'>hac</span> <span class='ocrx_word' id='word_1_31' title='bbox 1468 403 1831 454; x_wconf 90' lang='lat' dir='ltr'>controuersia</span> 
     </span>
     <span class='ocr_line' id='line_1_5' title="bbox 214 472 1830 543; baseline -0.004 -13"><span class='ocrx_word' id='word_1_32' title='bbox 214 477 433 530; x_wconf 90' lang='lat' dir='ltr'>transiit</span> <span class='ocrx_word' id='word_1_33' title='bbox 469 494 500 527; x_wconf 90' lang='lat' dir='ltr'>a</span> <span class='ocrx_word' id='word_1_34' title='bbox 536 474 809 543; x_wconf 89' lang='lat' dir='ltr'>prooemio</span> <span class='ocrx_word' id='word_1_35' title='bbox 847 474 904 525; x_wconf 93' lang='lat' dir='ltr'>in</span> <span class='ocrx_word' id='word_1_36' title='bbox 940 473 1304 525; x_wconf 73' lang='lat' dir='ltr'>narrationem</span> <span class='ocrx_word' id='word_1_37' title='bbox 1343 472 1636 542; x_wconf 72' lang='lat' dir='ltr'>eleganter,</span> <span class='ocrx_word' id='word_1_38' title='bbox 1676 472 1830 523; x_wconf 89' lang='lat' dir='ltr'>raris-</span> 
     </span>
     <span class='ocr_line' id='line_1_6' title="bbox 213 542 1873 614; baseline -0.004 -14"><span class='ocrx_word' id='word_1_39' title='bbox 213 549 351 600; x_wconf 87' lang='lat' dir='ltr'>simo</span> <span class='ocrx_word' id='word_1_40' title='bbox 400 545 613 614; x_wconf 88' lang='lat' dir='ltr'>quidem</span> <span class='ocrx_word' id='word_1_41' title='bbox 670 561 889 614; x_wconf 84' lang='lat' dir='ltr'>genere,</span> <span class='ocrx_word' id='word_1_42' title='bbox 946 546 1008 595; x_wconf 92' lang='lat' dir='ltr'>ut</span> <span class='ocrx_word' id='word_1_43' title='bbox 1052 543 1180 611; x_wconf 85' lang='lat' dir='ltr'>&lt;in&gt;</span> <span class='ocrx_word' id='word_1_44' title='bbox 1230 543 1414 595; x_wconf 91' lang='lat' dir='ltr'>eadem</span> <span class='ocrx_word' id='word_1_45' title='bbox 1453 560 1520 594; x_wconf 86' lang='grc'>10</span> <span class='ocrx_word' id='word_1_46' title='bbox 1577 542 1830 594; x_wconf 72' lang='lat' dir='ltr'>transitus</span> <span class='ocrx_word' id='word_1_47' title='bbox 1854 561 1873 592; x_wconf 89' lang='lat'>5</span> 
     </span>
     <span class='ocr_line' id='line_1_7' title="bbox 216 612 1832 685; baseline -0.004 -15"><span class='ocrx_word' id='word_1_48' title='bbox 216 620 371 685; x_wconf 88' lang='lat' dir='ltr'>esset,</span> <span class='ocrx_word' id='word_1_49' title='bbox 415 615 679 668; x_wconf 88' lang='lat' dir='ltr'>sententia</span> <span class='ocrx_word' id='word_1_50' title='bbox 717 617 869 680; x_wconf 89' lang='lat' dir='ltr'>esset,</span> <span class='ocrx_word' id='word_1_51' title='bbox 909 613 1123 666; x_wconf 90' lang='lat' dir='ltr'>schema</span> <span class='ocrx_word' id='word_1_52' title='bbox 1161 616 1324 680; x_wconf 68' lang='lat' dir='ltr'>esset,</span> <span class='ocrx_word' id='word_1_53' title='bbox 1365 613 1474 679; x_wconf 89' lang='lat' dir='ltr'>sed,</span> <span class='ocrx_word' id='word_1_54' title='bbox 1513 615 1575 664; x_wconf 90' lang='lat' dir='ltr'>ut</span> <span class='ocrx_word' id='word_1_55' title='bbox 1611 612 1832 664; x_wconf 86' lang='lat' dir='ltr'>Latroni</span> 
     </span>
     <span class='ocr_line' id='line_1_8' title="bbox 214 655 1828 756; baseline -0.004 -16"><span class='ocrx_word' id='word_1_56' title='bbox 214 688 474 756; x_wconf 79' lang='lat' dir='ltr'>placebat,</span> <span class='ocrx_word' id='word_1_57' title='bbox 497 686 711 738; x_wconf 89' lang='lat' dir='ltr'>schema</span> <span class='ocrx_word' id='word_1_58' title='bbox 737 655 877 753; x_wconf 90' lang='lat' dir='ltr'>quod</span> <span class='ocrx_word' id='word_1_59' title='bbox 903 683 1167 751; x_wconf 89' lang='lat' dir='ltr'>uulnerat,</span> <span class='ocrx_word' id='word_1_60' title='bbox 1188 701 1301 735; x_wconf 92' lang='lat' dir='ltr'>non</span> <span class='ocrx_word' id='word_1_61' title='bbox 1327 682 1470 751; x_wconf 88' lang='lat' dir='ltr'>quod</span> <span class='ocrx_word' id='word_1_62' title='bbox 1494 683 1705 735; x_wconf 89' lang='lat' dir='ltr'>titillat:</span> <span class='ocrx_word' id='word_1_63' title='bbox 1735 724 1773 735; x_wconf 87' lang='lat'>..</span> <span class='ocrx_word' id='word_1_64' title='bbox 1790 725 1799 735; x_wconf 91' lang='lat'><em>.</em></span> <span class='ocrx_word' id='word_1_65' title='bbox 1818 725 1828 734; x_wconf 94' lang='lat'>.</span> 
     </span>
     <span class='ocr_line' id='line_1_9' title="bbox 214 753 1832 835; baseline -0.003 -26"><span class='ocrx_word' id='word_1_66' title='bbox 214 758 299 810; x_wconf 86' lang='lat' dir='ltr'>Ex</span> <span class='ocrx_word' id='word_1_67' title='bbox 338 758 506 809; x_wconf 90' lang='lat' dir='ltr'>altera</span> <span class='ocrx_word' id='word_1_68' title='bbox 542 759 693 835; x_wconf 80' lang='lat' dir='ltr'>parte</span> <span class='ocrx_word' id='word_1_69' title='bbox 730 754 946 806; x_wconf 86' lang='lat' dir='ltr'>transiit</span> <span class='ocrx_word' id='word_1_70' title='bbox 985 772 1016 805; x_wconf 91' lang='lat' dir='ltr'>a</span> <span class='ocrx_word' id='word_1_71' title='bbox 1051 753 1326 834; x_wconf 82' lang='lat' dir='ltr'>prooemio</span> <span class='ocrx_word' id='word_1_72' title='bbox 1363 754 1420 805; x_wconf 89' lang='lat' dir='ltr'>in</span> <span class='ocrx_word' id='word_1_73' title='bbox 1463 753 1832 806; x_wconf 78' lang='lat' dir='ltr'>nairationem</span> 
     </span>
     <span class='ocr_line' id='line_1_10' title="bbox 216 823 1830 894; baseline -0.004 -14"><span class='ocrx_word' id='word_1_74' title='bbox 216 827 444 880; x_wconf 82' lang='lat' dir='ltr'><strong>GALLIO</strong></span> <span class='ocrx_word' id='word_1_75' title='bbox 497 829 551 878; x_wconf 90' lang='lat' dir='ltr'>et</span> <span class='ocrx_word' id='word_1_76' title='bbox 598 827 709 894; x_wconf 90' lang='lat' dir='ltr'>ipse</span> <span class='ocrx_word' id='word_1_77' title='bbox 756 843 853 894; x_wconf 88' lang='lat' dir='ltr'>per</span> <span class='ocrx_word' id='word_1_78' title='bbox 899 824 1221 876; x_wconf 81' lang='lat' dir='ltr'>sententiam</span> <span class='ocrx_word' id='word_1_79' title='bbox 1269 824 1366 876; x_wconf 90' lang='lat' dir='ltr'>sic.</span> <span class='ocrx_word' id='word_1_80' title='bbox 1426 823 1613 892; x_wconf 89' lang='lat' dir='ltr'>quidni</span> <span class='ocrx_word' id='word_1_81' title='bbox 1659 823 1830 874; x_wconf 90' lang='lat' dir='ltr'>filium</span> 
     </span>
    </p>
   </div>
   <div class='ocr_carea' id='block_1_3' title="bbox 214 883 1976 962">
    <p class='ocr_par' dir='ltr' id='par_1_3' title="bbox 214 883 1976 962">
     <span class='ocr_line' id='line_1_11' title="bbox 214 883 1976 962; baseline -0.004 -13"><span class='ocrx_word' id='word_1_82' title='bbox 214 898 349 949; x_wconf 89' lang='lat' dir='ltr'>mihi</span> <span class='ocrx_word' id='word_1_83' title='bbox 385 897 557 949; x_wconf 91' lang='lat' dir='ltr'>nolim</span> <span class='ocrx_word' id='word_1_84' title='bbox 594 914 715 948; x_wconf 91' lang='lat' dir='ltr'>cum</span> <span class='ocrx_word' id='word_1_85' title='bbox 753 897 854 947; x_wconf 92' lang='lat' dir='ltr'>isto</span> <span class='ocrx_word' id='word_1_86' title='bbox 892 912 1230 948; x_wconf 89' lang='lat' dir='ltr'>communem</span> <span class='ocrx_word' id='word_1_87' title='bbox 1261 911 1388 962; x_wconf 90' lang='lat' dir='ltr'>esse,</span> <span class='ocrx_word' id='word_1_88' title='bbox 1429 911 1550 946; x_wconf 90' lang='lat' dir='ltr'>cum</span> <span class='ocrx_word' id='word_1_89' title='bbox 1587 911 1691 961; x_wconf 90' lang='lat' dir='ltr'>quo</span> <span class='ocrx_word' id='word_1_90' title='bbox 1730 894 1831 945; x_wconf 90' lang='lat' dir='ltr'>uti-</span> <span class='ocrx_word' id='word_1_91' title='bbox 1855 910 1896 942; x_wconf 92' lang='lat'>10</span> <span class='ocrx_word' id='word_1_92' title='bbox 1973 883 1976 917; x_wconf 72' lang='lat'>³</span> 
     </span>
    </p>
   </div>
   <div class='ocr_carea' id='block_1_4' title="bbox 212 963 1896 1384">
    <p class='ocr_par' dir='ltr' id='par_1_4' title="bbox 212 963 1896 1384">
     <span class='ocr_line' id='line_1_12' title="bbox 213 963 1831 1036; baseline -0.002 -16"><span class='ocrx_word' id='word_1_93' title='bbox 213 987 340 1021; x_wconf 89' lang='lat' dir='ltr'>nam</span> <span class='ocrx_word' id='word_1_94' title='bbox 368 968 385 1036; x_wconf 84' lang='grc' dir='ltr'>ΙΙ</span> <span class='ocrx_word' id='word_1_95' title='bbox 414 984 753 1020; x_wconf 89' lang='lat' dir='ltr'>communem</span> <span class='ocrx_word' id='word_1_96' title='bbox 789 983 888 1018; x_wconf 90' lang='lat' dir='ltr'>nec</span> <span class='ocrx_word' id='word_1_97' title='bbox 924 970 1137 1034; x_wconf 90' lang='lat' dir='ltr'>patrem</span> <span class='ocrx_word' id='word_1_98' title='bbox 1174 964 1515 1016; x_wconf 75' lang='lat' dir='ltr'>habuissem?</span> <span class='ocrx_word' id='word_1_99' title='bbox 1570 963 1831 1017; x_wconf 84' lang='lat' dir='ltr'>DIOCLES</span> 
     </span>
     <span class='ocr_line' id='line_1_13' title="bbox 215 1034 1834 1092; baseline -0.004 0"><span class='ocrx_word' id='word_1_100' title='bbox 215 1038 545 1092; x_wconf 78' lang='lat' dir='ltr'>CARYSTIVS</span> <span class='ocrx_word' id='word_1_101' title='bbox 593 1037 746 1088; x_wconf 91' lang='lat' dir='ltr'>illum</span> <span class='ocrx_word' id='word_1_102' title='bbox 793 1054 1007 1088; x_wconf 92' lang='lat' dir='ltr'>sensum</span> <span class='ocrx_word' id='word_1_103' title='bbox 1065 1054 1095 1086; x_wconf 89' lang='lat' dir='ltr'>a</span> <span class='ocrx_word' id='word_1_104' title='bbox 1142 1035 1345 1086; x_wconf 90' lang='lat' dir='ltr'>Latinis</span> <span class='ocrx_word' id='word_1_105' title='bbox 1393 1035 1648 1087; x_wconf 89' lang='lat' dir='ltr'>iactatum</span> <span class='ocrx_word' id='word_1_106' title='bbox 1700 1034 1834 1085; x_wconf 88' lang='lat' dir='ltr'>dixit</span> 
     </span>
     <span class='ocr_line' id='line_1_14' title="bbox 212 1104 1832 1175; baseline -0.003 -15"><span class='ocrx_word' id='word_1_107' title='bbox 212 1107 823 1175; x_wconf 81' lang='lat' dir='ltr'>breulssime,rar1ss1mo</span> <span class='ocrx_word' id='word_1_108' title='bbox 845 1123 1058 1175; x_wconf 80' lang='lat' dir='ltr'>genere,</span> <span class='ocrx_word' id='word_1_109' title='bbox 1073 1123 1177 1174; x_wconf 89' lang='lat' dir='ltr'>quo</span> <span class='ocrx_word' id='word_1_110' title='bbox 1199 1104 1406 1157; x_wconf 89' lang='lat' dir='ltr'>duobus</span> <span class='ocrx_word' id='word_1_111' title='bbox 1429 1105 1696 1156; x_wconf 86' lang='lat' dir='ltr'>sententia</span> <span class='ocrx_word' id='word_1_112' title='bbox 1718 1122 1832 1156; x_wconf 87' lang='lat' dir='ltr'>uer-</span> 
     </span>
     <span class='ocr_line' id='line_1_15' title="bbox 212 1175 1830 1245; baseline -0.003 -14"><span class='ocrx_word' id='word_1_113' title='bbox 212 1179 295 1230; x_wconf 91' lang='lat' dir='ltr'>bis</span> <span class='ocrx_word' id='word_1_114' title='bbox 323 1181 748 1245; x_wconf 75' lang='lat' dir='ltr'>consummatur,</span> <span class='ocrx_word' id='word_1_115' title='bbox 788 1195 887 1228; x_wconf 90' lang='lat' dir='ltr'>nec</span> <span class='ocrx_word' id='word_1_116' title='bbox 914 1177 1058 1228; x_wconf 90' lang='lat' dir='ltr'>enim</span> <span class='ocrx_word' id='word_1_117' title='bbox 1083 1175 1422 1244; x_wconf 83' lang='lat' dir='ltr'>paucioribus</span> <span class='ocrx_word' id='word_1_118' title='bbox 1447 1178 1623 1243; x_wconf 87' lang='lat' dir='ltr'>potest</span> <span class='ocrx_word' id='word_1_119' title='bbox 1652 1215 1830 1227; x_wconf 90' lang='grc'><strong>.....</strong></span> 
     </span>
     <span class='ocr_line' id='line_1_16' title="bbox 212 1245 1896 1316; baseline -0.002 -16"><span class='ocrx_word' id='word_1_120' title='bbox 212 1248 561 1316; x_wconf 83' lang='lat' dir='ltr'>EVCTEMON,</span> <span class='ocrx_word' id='word_1_121' title='bbox 601 1248 734 1299; x_wconf 88' lang='lat' dir='ltr'>leuis</span> <span class='ocrx_word' id='word_1_122' title='bbox 773 1247 1098 1299; x_wconf 81' lang='lat' dir='ltr'>declamator</span> <span class='ocrx_word' id='word_1_123' title='bbox 1124 1245 1215 1298; x_wconf 88' lang='lat' dir='ltr'>sed</span> <span class='ocrx_word' id='word_1_124' title='bbox 1242 1245 1425 1312; x_wconf 88' lang='lat' dir='ltr'>dulcis,</span> <span class='ocrx_word' id='word_1_125' title='bbox 1454 1245 1587 1296; x_wconf 87' lang='lat' dir='ltr'>dixit</span> <span class='ocrx_word' id='word_1_126' title='bbox 1612 1263 1753 1297; x_wconf 92' lang='lat' dir='ltr'>noue</span> <span class='ocrx_word' id='word_1_127' title='bbox 1780 1248 1833 1297; x_wconf 90' lang='lat' dir='ltr'>et</span> <span class='ocrx_word' id='word_1_128' title='bbox 1857 1261 1896 1292; x_wconf 86' lang='lat'>15</span> 
     </span>
     <span class='ocr_line' id='line_1_17' title="bbox 215 1317 1829 1384; baseline -0.002 -14"><span class='ocrx_word' id='word_1_129' title='bbox 215 1318 515 1370; x_wconf 87' lang='lat' dir='ltr'>amabiliter</span> <span class='ocrx_word' id='word_1_130' title='bbox 551 1318 705 1369; x_wconf 88' lang='lat' dir='ltr'>illum</span> <span class='ocrx_word' id='word_1_131' title='bbox 743 1334 909 1384; x_wconf 91' lang='lat' dir='ltr'>aeque</span> <span class='ocrx_word' id='word_1_132' title='bbox 943 1318 1010 1368; x_wconf 90' lang='lat' dir='ltr'>ab</span> <span class='ocrx_word' id='word_1_133' title='bbox 1034 1317 1282 1368; x_wconf 85' lang='lat' dir='ltr'>omnibus</span> <span class='ocrx_word' id='word_1_134' title='bbox 1309 1318 1564 1367; x_wconf 86' lang='lat' dir='ltr'>uexatum</span> <span class='ocrx_word' id='word_1_135' title='bbox 1602 1333 1829 1382; x_wconf 90' lang='lat' dir='ltr'>sensum,</span> 
     </span>
    </p>
   </div>
   <div class='ocr_carea' id='block_1_5' title="bbox 216 1387 1526 1458">
    <p class='ocr_par' dir='ltr' id='par_1_5' title="bbox 216 1387 1526 1458">
     <span class='ocr_line' id='line_1_18' title="bbox 216 1387 1526 1458; baseline -0.003 -17"><span class='ocrx_word' id='word_1_136' title='bbox 216 1407 321 1458; x_wconf 89' lang='lat' dir='ltr'>quo</span> <span class='ocrx_word' id='word_1_137' title='bbox 360 1388 722 1441; x_wconf 85' lang='lat' dir='ltr'>reconciliatio</span> <span class='ocrx_word' id='word_1_138' title='bbox 762 1387 1322 1456; x_wconf 35' lang='lat' dir='ltr'>fratrumaetemptatur</span> <span class='ocrx_word' id='word_1_139' title='bbox 1349 1427 1526 1438; x_wconf 87' lang='grc'><strong>.....</strong></span> 
     </span>
    </p>
   </div>
   <div class='ocr_carea' id='block_1_6' title="bbox 579 1637 1469 1707">
    <p class='ocr_par' dir='ltr' id='par_1_6' title="bbox 579 1637 1469 1707">
     <span class='ocr_line' id='line_1_19' title="bbox 579 1637 1469 1707; baseline -0.004 -13"><span class='ocrx_word' id='word_1_140' title='bbox 579 1637 1291 1707; x_wconf 79' lang='lat' dir='ltr'>&lt;CONTROVERSIA</span> <span class='ocrx_word' id='word_1_141' title='bbox 1351 1638 1469 1707; x_wconf 78' lang='grc' dir='ltr'>ΙΙ.)</span> 
     </span>
    </p>
   </div>
   <div class='ocr_carea' id='block_1_7' title="bbox 216 1777 1831 1848">
    <p class='ocr_par' dir='ltr' id='par_1_7' title="bbox 216 1777 1831 1848">
     <span class='ocr_line' id='line_1_20' title="bbox 216 1777 1831 1848; baseline -0.002 -14"><span class='ocrx_word' id='word_1_142' title='bbox 216 1781 473 1835; x_wconf 78' lang='lat' dir='ltr'>Sacerdos</span> <span class='ocrx_word' id='word_1_143' title='bbox 513 1783 656 1833; x_wconf 84' lang='lat' dir='ltr'>casta</span> <span class='ocrx_word' id='word_1_144' title='bbox 694 1798 721 1832; x_wconf 91' lang='lat' dir='ltr'>e</span> <span class='ocrx_word' id='word_1_145' title='bbox 760 1781 920 1833; x_wconf 86' lang='lat' dir='ltr'>cast1s</span> <span class='ocrx_word' id='word_1_146' title='bbox 931 1821 944 1848; x_wconf 91' lang='lat'>,</span> <span class='ocrx_word' id='word_1_147' title='bbox 985 1797 1118 1848; x_wconf 91' lang='lat' dir='ltr'>pura</span> <span class='ocrx_word' id='word_1_148' title='bbox 1156 1797 1182 1830; x_wconf 92' lang='lat' dir='ltr'>e</span> <span class='ocrx_word' id='word_1_149' title='bbox 1220 1779 1368 1847; x_wconf 87' lang='lat' dir='ltr'>puris</span> <span class='ocrx_word' id='word_1_150' title='bbox 1407 1779 1491 1831; x_wconf 87' lang='lat' dir='ltr'>sit.</span> <span class='ocrx_word' id='word_1_151' title='bbox 1558 1777 1831 1839; x_wconf 81' lang='lat' dir='ltr'>Quaedam</span> 
     </span>
    </p>
   </div>
   <div class='ocr_carea' id='block_1_8' title="bbox 355 1848 1976 1921">
    <p class='ocr_par' dir='ltr' id='par_1_8' title="bbox 355 1848 1976 1921">
     <span class='ocr_line' id='line_1_21' title="bbox 355 1848 1976 1921; baseline -0.003 -17"><span class='ocrx_word' id='word_1_152' title='bbox 355 1852 510 1920; x_wconf 82' lang='lat' dir='ltr'>uirgo</span> <span class='ocrx_word' id='word_1_153' title='bbox 549 1870 579 1903; x_wconf 92' lang='lat' dir='ltr'>a</span> <span class='ocrx_word' id='word_1_154' title='bbox 616 1851 804 1919; x_wconf 89' lang='lat' dir='ltr'>piratis</span> <span class='ocrx_word' id='word_1_155' title='bbox 843 1853 998 1918; x_wconf 88' lang='lat' dir='ltr'>capta</span> <span class='ocrx_word' id='word_1_156' title='bbox 1035 1849 1230 1917; x_wconf 82' lang='lat' dir='ltr'>ueniit3</span> <span class='ocrx_word' id='word_1_157' title='bbox 1272 1851 1451 1917; x_wconf 86' lang='lat' dir='ltr'>empta</span> <span class='ocrx_word' id='word_1_158' title='bbox 1490 1867 1520 1900; x_wconf 90' lang='lat' dir='ltr'>a</span> <span class='ocrx_word' id='word_1_159' title='bbox 1557 1848 1752 1901; x_wconf 89' lang='lat' dir='ltr'>lenone</span> <span class='ocrx_word' id='word_1_160' title='bbox 1779 1852 1832 1901; x_wconf 91' lang='lat' dir='ltr'>et</span> <span class='ocrx_word' id='word_1_161' title='bbox 1853 1869 1894 1899; x_wconf 87' lang='lat'>20</span> <span class='ocrx_word' id='word_1_162' title='bbox 1973 1919 1976 1921; x_wconf 13' lang='grc' dir='ltr'><em>Β</em></span> 
     </span>
    </p>
   </div>
   <div class='ocr_carea' id='block_1_9' title="bbox 354 1919 1832 2131">
    <p class='ocr_par' dir='ltr' id='par_1_9' title="bbox 354 1919 1832 2131">
     <span class='ocr_line' id='line_1_22' title="bbox 354 1919 1828 1990; baseline -0.002 -16"><span class='ocrx_word' id='word_1_163' title='bbox 354 1922 644 1990; x_wconf 88' lang='lat' dir='ltr'>prostituta</span> <span class='ocrx_word' id='word_1_164' title='bbox 682 1925 776 1974; x_wconf 88' lang='lat' dir='ltr'>est.</span> <span class='ocrx_word' id='word_1_165' title='bbox 837 1921 1115 1973; x_wconf 89' lang='lat' dir='ltr'>uenientes</span> <span class='ocrx_word' id='word_1_166' title='bbox 1154 1920 1220 1971; x_wconf 89' lang='lat' dir='ltr'>ad</span> <span class='ocrx_word' id='word_1_167' title='bbox 1246 1938 1300 1972; x_wconf 92' lang='lat' dir='ltr'>se</span> <span class='ocrx_word' id='word_1_168' title='bbox 1340 1919 1594 1972; x_wconf 85' lang='lat' dir='ltr'>exorabat</span> <span class='ocrx_word' id='word_1_169' title='bbox 1619 1919 1828 1988; x_wconf 89' lang='lat' dir='ltr'>stipem</span> 
     </span>
     <span class='ocr_line' id='line_1_23' title="bbox 355 1991 1832 2060; baseline -0.002 -16"><span class='ocrx_word' id='word_1_170' title='bbox 355 1992 583 2044; x_wconf 90' lang='lat' dir='ltr'>militem</span> <span class='ocrx_word' id='word_1_171' title='bbox 630 1992 720 2060; x_wconf 89' lang='lat' dir='ltr'>qui</span> <span class='ocrx_word' id='word_1_172' title='bbox 768 1991 834 2043; x_wconf 90' lang='lat' dir='ltr'>ad</span> <span class='ocrx_word' id='word_1_173' title='bbox 883 2009 937 2043; x_wconf 91' lang='lat' dir='ltr'>se</span> <span class='ocrx_word' id='word_1_174' title='bbox 987 1993 1234 2059; x_wconf 87' lang='lat' dir='ltr'>uenerat,</span> <span class='ocrx_word' id='word_1_175' title='bbox 1284 2009 1405 2042; x_wconf 89' lang='lat' dir='ltr'>cum</span> <span class='ocrx_word' id='word_1_176' title='bbox 1453 2007 1670 2042; x_wconf 87' lang='lat' dir='ltr'>exorare</span> <span class='ocrx_word' id='word_1_177' title='bbox 1719 2008 1832 2042; x_wconf 93' lang='lat' dir='ltr'>non</span> 
     </span>
     <span class='ocr_line' id='line_1_24' title="bbox 354 2060 1829 2131; baseline -0.003 -16"><span class='ocrx_word' id='word_1_178' title='bbox 354 2065 562 2131; x_wconf 86' lang='lat' dir='ltr'>posset,</span> <span class='ocrx_word' id='word_1_179' title='bbox 603 2063 998 2115; x_wconf 87' lang='lat' dir='ltr'>conluctantem</span> <span class='ocrx_word' id='word_1_180' title='bbox 1036 2063 1089 2113; x_wconf 87' lang='lat' dir='ltr'>et</span> <span class='ocrx_word' id='word_1_181' title='bbox 1127 2061 1238 2113; x_wconf 89' lang='lat' dir='ltr'>uim</span> <span class='ocrx_word' id='word_1_182' title='bbox 1273 2060 1594 2112; x_wconf 87' lang='lat' dir='ltr'>inferentem</span> <span class='ocrx_word' id='word_1_183' title='bbox 1622 2060 1829 2113; x_wconf 88' lang='lat' dir='ltr'>occidit.</span> 
     </span>
    </p>
   </div>
   <div class='ocr_carea' id='block_1_10' title="bbox 210 2258 1832 2933">
    <p class='ocr_par' dir='ltr' id='par_1_10' title="bbox 210 2258 1830 2933">
     <span class='ocr_line' id='line_1_25' title="bbox 329 2258 1829 2313; baseline -0.001 -13"><span class='ocrx_word' id='word_1_184' title='bbox 329 2263 351 2300; x_wconf 95' lang='grc'>1</span> <span class='ocrx_word' id='word_1_185' title='bbox 383 2263 589 2313; x_wconf 89' lang='lat' dir='ltr'>poterati</span> <span class='ocrx_word' id='word_1_186' title='bbox 621 2261 753 2301; x_wconf 89' lang='lat' dir='ltr'>nobis</span> <span class='ocrx_word' id='word_1_187' title='bbox 784 2261 821 2299; x_wconf 99' lang='lat' dir='ltr'>A</span> <span class='ocrx_word' id='word_1_188' title='bbox 860 2263 1046 2313; x_wconf 87' lang='lat' dir='ltr'>poterat</span> <span class='ocrx_word' id='word_1_189' title='bbox 1077 2261 1124 2299; x_wconf 90' lang='lat' dir='ltr'>in</span> <span class='ocrx_word' id='word_1_190' title='bbox 1163 2260 1300 2300; x_wconf 85' lang='lat' dir='ltr'>nobis</span> <span class='ocrx_word' id='word_1_191' title='bbox 1330 2259 1364 2298; x_wconf 87' lang='lat' dir='ltr'>B</span> <span class='ocrx_word' id='word_1_192' title='bbox 1404 2262 1587 2311; x_wconf 88' lang='lat' dir='ltr'>poterat</span> <span class='ocrx_word' id='word_1_193' title='bbox 1618 2258 1750 2299; x_wconf 85' lang='lat' dir='ltr'>nobis</span> <span class='ocrx_word' id='word_1_194' title='bbox 1782 2261 1829 2308; x_wconf 94' lang='lat' dir='ltr'>T,</span> 
     </span>
     <span class='ocr_line' id='line_1_26' title="bbox 214 2289 1830 2370; baseline -0.002 -12"><span class='ocrx_word' id='word_1_195' title='bbox 214 2331 327 2359; x_wconf 82' lang='lat' dir='ltr'>corr</span> <span class='ocrx_word' id='word_1_196' title='bbox 361 2317 518 2358; x_wconf 72' lang='lat' dir='ltr'>Schulc</span> <span class='ocrx_word' id='word_1_197' title='bbox 557 2315 572 2370; x_wconf 77' lang='grc' dir='ltr'>ΙΙ</span> <span class='ocrx_word' id='word_1_198' title='bbox 610 2319 635 2358; x_wconf 87' lang='grc'><strong>3</strong></span> <span class='ocrx_word' id='word_1_199' title='bbox 666 2318 971 2357; x_wconf 83' lang='lat' dir='ltr'>Hermacotas</span> <span class='ocrx_word' id='word_1_200' title='bbox 1004 2316 1150 2355; x_wconf 79' lang='lat' dir='ltr'>c&#39;rav</span> <span class='ocrx_word' id='word_1_201' title='bbox 1193 2313 1208 2367; x_wconf 87' lang='grc' dir='ltr'>ΙΙ</span> <span class='ocrx_word' id='word_1_202' title='bbox 1246 2318 1284 2356; x_wconf 89' lang='lat'>3.</span> <span class='ocrx_word' id='word_1_203' title='bbox 1315 2315 1437 2355; x_wconf 83' lang='lat' dir='ltr'>hanc</span> <span class='ocrx_word' id='word_1_204' title='bbox 1470 2289 1830 2356; x_wconf 84' lang='lat' dir='ltr'>controuersiani</span> 
     </span>
     <span class='ocr_line' id='line_1_27' title="bbox 215 2370 1827 2426; baseline -0.001 -14"><span class='ocrx_word' id='word_1_205' title='bbox 215 2374 246 2412; x_wconf 90' lang='lat'><strong>0</strong></span> <span class='ocrx_word' id='word_1_206' title='bbox 278 2372 294 2426; x_wconf 74' lang='lat' dir='ltr'>ss</span> <span class='ocrx_word' id='word_1_207' title='bbox 335 2375 360 2414; x_wconf 86' lang='lat'>5</span> <span class='ocrx_word' id='word_1_208' title='bbox 393 2378 440 2414; x_wconf 89' lang='lat' dir='ltr'>et</span> <span class='ocrx_word' id='word_1_209' title='bbox 470 2373 633 2414; x_wconf 87' lang='lat' dir='ltr'>eadem</span> <span class='ocrx_word' id='word_1_210' title='bbox 665 2374 695 2411; x_wconf 93' lang='grc'>0</span> <span class='ocrx_word' id='word_1_211' title='bbox 733 2371 748 2426; x_wconf 82' lang='grc' dir='ltr'>ΙΙ</span> <span class='ocrx_word' id='word_1_212' title='bbox 797 2374 837 2413; x_wconf 88' lang='grc'>6.</span> <span class='ocrx_word' id='word_1_213' title='bbox 871 2375 895 2413; x_wconf 95' lang='lat'>7</span> <span class='ocrx_word' id='word_1_214' title='bbox 926 2371 1047 2412; x_wconf 89' lang='lat' dir='ltr'>latro</span> <span class='ocrx_word' id='word_1_215' title='bbox 1077 2370 1098 2410; x_wconf 78' lang='grc' dir='ltr'><strong>ἰ</strong></span> <span class='ocrx_word' id='word_1_216' title='bbox 1133 2371 1351 2424; x_wconf 86' lang='lat' dir='ltr'>placebat</span> <span class='ocrx_word' id='word_1_217' title='bbox 1381 2373 1480 2411; x_wconf 84' lang='lat' dir='ltr'>STa</span> <span class='ocrx_word' id='word_1_218' title='bbox 1520 2370 1535 2424; x_wconf 78' lang='grc' dir='ltr'>ΙΙ</span> <span class='ocrx_word' id='word_1_219' title='bbox 1586 2373 1608 2411; x_wconf 93' lang='lat'>7</span> <span class='ocrx_word' id='word_1_220' title='bbox 1641 2370 1827 2411; x_wconf 89' lang='lat' dir='ltr'>uulnere</span> 
     </span>
     <span class='ocr_line' id='line_1_28' title="bbox 216 2424 1830 2480; baseline -0.002 -11"><span class='ocrx_word' id='word_1_221' title='bbox 216 2431 321 2469; x_wconf 79' lang='lat' dir='ltr'>CVa</span> <span class='ocrx_word' id='word_1_222' title='bbox 359 2430 577 2470; x_wconf 87' lang='lat' dir='ltr'>uulnerat</span> <span class='ocrx_word' id='word_1_223' title='bbox 608 2432 640 2469; x_wconf 98' lang='grc' dir='ltr'><strong>Τ</strong></span> <span class='ocrx_word' id='word_1_224' title='bbox 671 2431 887 2469; x_wconf 88' lang='lat' dir='ltr'>uulneret</span> <span class='ocrx_word' id='word_1_225' title='bbox 926 2429 989 2468; x_wconf 85' lang='lat' dir='ltr'>Vb</span> <span class='ocrx_word' id='word_1_226' title='bbox 1027 2425 1042 2480; x_wconf 88' lang='grc' dir='ltr'>ΙΙ</span> <span class='ocrx_word' id='word_1_227' title='bbox 1078 2427 1252 2468; x_wconf 88' lang='lat' dir='ltr'>titubat</span> <span class='ocrx_word' id='word_1_228' title='bbox 1284 2427 1468 2478; x_wconf 82' lang='lat' dir='ltr'>(titubet</span> <span class='ocrx_word' id='word_1_229' title='bbox 1499 2424 1580 2480; x_wconf 87' lang='lat' dir='ltr'>Tb)</span> <span class='ocrx_word' id='word_1_230' title='bbox 1614 2427 1665 2478; x_wconf 89' lang='lat'>0,</span> <span class='ocrx_word' id='word_1_231' title='bbox 1718 2440 1830 2470; x_wconf 81' lang='lat' dir='ltr'>corr</span> 
     </span>
     <span class='ocr_line' id='line_1_29' title="bbox 218 2484 1828 2537; baseline -0.003 -10"><span class='ocrx_word' id='word_1_232' title='bbox 218 2486 412 2532; x_wconf 65' lang='lat' dir='ltr'>Gronom</span> <span class='ocrx_word' id='word_1_233' title='bbox 443 2488 524 2527; x_wconf 82' lang='lat' dir='ltr'>sed</span> <span class='ocrx_word' id='word_1_234' title='bbox 552 2486 685 2526; x_wconf 84' lang='lat' dir='ltr'>uerba</span> <span class='ocrx_word' id='word_1_235' title='bbox 714 2491 765 2526; x_wconf 92' lang='lat' dir='ltr'>ut</span> <span class='ocrx_word' id='word_1_236' title='bbox 794 2485 989 2526; x_wconf 82' lang='lat' dir='ltr'>Latroni</span> <span class='ocrx_word' id='word_1_237' title='bbox 1019 2484 1236 2537; x_wconf 88' lang='lat' dir='ltr'>placebat</span> <span class='ocrx_word' id='word_1_238' title='bbox 1275 2489 1374 2524; x_wconf 82' lang='lat' dir='ltr'>ante</span> <span class='ocrx_word' id='word_1_239' title='bbox 1415 2484 1533 2536; x_wconf 88' lang='lat' dir='ltr'>quod</span> <span class='ocrx_word' id='word_1_240' title='bbox 1573 2484 1645 2526; x_wconf 87' lang='lat' dir='ltr'>tit</span> <span class='ocrx_word' id='word_1_241' title='bbox 1687 2488 1828 2524; x_wconf 77' lang='lat' dir='ltr'>trans-</span> 
     </span>
     <span class='ocr_line' id='line_1_30' title="bbox 210 2538 1832 2595; baseline -0.002 -12"><span class='ocrx_word' id='word_1_242' title='bbox 210 2544 414 2595; x_wconf 80' lang='lat' dir='ltr'>ponenda</span> <span class='ocrx_word' id='word_1_243' title='bbox 443 2548 539 2582; x_wconf 83' lang='lat' dir='ltr'>sunt</span> <span class='ocrx_word' id='word_1_244' title='bbox 570 2545 664 2583; x_wconf 79' lang='lat' dir='ltr'>coll.</span> <span class='ocrx_word' id='word_1_245' title='bbox 694 2556 739 2594; x_wconf 83' lang='lat' dir='ltr'>p.</span> <span class='ocrx_word' id='word_1_246' title='bbox 762 2543 830 2592; x_wconf 86' lang='lat'>67,</span> <span class='ocrx_word' id='word_1_247' title='bbox 865 2544 889 2582; x_wconf 87' lang='grc'>9</span> <span class='ocrx_word' id='word_1_248' title='bbox 912 2539 927 2594; x_wconf 85' lang='grc' dir='ltr'>ΙΙ</span> <span class='ocrx_word' id='word_1_249' title='bbox 949 2543 974 2582; x_wconf 87' lang='grc'>8</span> <span class='ocrx_word' id='word_1_250' title='bbox 1006 2541 1176 2581; x_wconf 85' lang='lat' dir='ltr'>transit</span> <span class='ocrx_word' id='word_1_251' title='bbox 1207 2541 1259 2591; x_wconf 87' lang='grc' dir='ltr'>Ο,</span> <span class='ocrx_word' id='word_1_252' title='bbox 1294 2553 1410 2582; x_wconf 83' lang='lat' dir='ltr'>corr.</span> <span class='ocrx_word' id='word_1_253' title='bbox 1435 2540 1625 2580; x_wconf 82' lang='lat' dir='ltr'>Bursian</span> <span class='ocrx_word' id='word_1_254' title='bbox 1646 2538 1661 2591; x_wconf 82' lang='grc' dir='ltr'>ΙΙ</span> <span class='ocrx_word' id='word_1_255' title='bbox 1684 2541 1709 2580; x_wconf 86' lang='grc'>9</span> <span class='ocrx_word' id='word_1_256' title='bbox 1742 2538 1832 2580; x_wconf 84' lang='lat' dir='ltr'>Ca·</span> 
     </span>
     <span class='ocr_line' id='line_1_31' title="bbox 211 2593 1830 2651; baseline -0.002 -12.993"><span class='ocrx_word' id='word_1_257' title='bbox 211 2598 290 2640; x_wconf 91' lang='grc'>100</span> <span class='ocrx_word' id='word_1_258' title='bbox 323 2602 369 2639; x_wconf 90' lang='lat' dir='ltr'>et</span> <span class='ocrx_word' id='word_1_259' title='bbox 398 2599 498 2651; x_wconf 87' lang='lat' dir='ltr'>ipse</span> <span class='ocrx_word' id='word_1_260' title='bbox 530 2602 603 2638; x_wconf 89' lang='lat' dir='ltr'>ter</span> <span class='ocrx_word' id='word_1_261' title='bbox 632 2599 662 2636; x_wconf 92' lang='grc'>0</span> <span class='ocrx_word' id='word_1_262' title='bbox 692 2596 707 2651; x_wconf 76' lang='grc' dir='ltr'>ΙΙ</span> <span class='ocrx_word' id='word_1_263' title='bbox 745 2597 855 2650; x_wconf 89' lang='lat' dir='ltr'>quid</span> <span class='ocrx_word' id='word_1_264' title='bbox 887 2599 947 2637; x_wconf 88' lang='lat' dir='ltr'>Tb</span> <span class='ocrx_word' id='word_1_265' title='bbox 978 2595 995 2647; x_wconf 75' lang='grc' dir='ltr'>[ἱ</span> <span class='ocrx_word' id='word_1_266' title='bbox 1034 2599 1086 2638; x_wconf 93' lang='grc'>10</span> <span class='ocrx_word' id='word_1_267' title='bbox 1126 2597 1234 2637; x_wconf 89' lang='lat' dir='ltr'>olim</span> <span class='ocrx_word' id='word_1_268' title='bbox 1275 2599 1307 2636; x_wconf 87' lang='lat' dir='ltr'>T</span> <span class='ocrx_word' id='word_1_269' title='bbox 1345 2595 1360 2650; x_wconf 88' lang='grc' dir='ltr'>ΙΙ</span> <span class='ocrx_word' id='word_1_270' title='bbox 1400 2598 1452 2638; x_wconf 85' lang='grc'>13</span> <span class='ocrx_word' id='word_1_271' title='bbox 1493 2595 1611 2649; x_wconf 88' lang='lat' dir='ltr'>quod</span> <span class='ocrx_word' id='word_1_272' title='bbox 1643 2593 1745 2647; x_wconf 74' lang='lat' dir='ltr'>(qu</span> <span class='ocrx_word' id='word_1_273' title='bbox 1776 2596 1830 2645; x_wconf 93' lang='lat' dir='ltr'>A)</span> 
     </span>
     <span class='ocr_line' id='line_1_32' title="bbox 217 2651 1830 2706; baseline -0.003 -10"><span class='ocrx_word' id='word_1_274' title='bbox 217 2655 471 2696; x_wconf 76' lang='lat' dir='ltr'>sententias</span> <span class='ocrx_word' id='word_1_275' title='bbox 502 2655 659 2695; x_wconf 88' lang='lat' dir='ltr'>uerbis</span> <span class='ocrx_word' id='word_1_276' title='bbox 690 2655 745 2705; x_wconf 85' lang='lat'>0,</span> <span class='ocrx_word' id='word_1_277' title='bbox 780 2667 894 2695; x_wconf 79' lang='lat' dir='ltr'>corr.</span> <span class='ocrx_word' id='word_1_278' title='bbox 919 2655 1071 2695; x_wconf 78' lang='lat' dir='ltr'>Haase</span> <span class='ocrx_word' id='word_1_279' title='bbox 1094 2651 1109 2706; x_wconf 86' lang='grc' dir='ltr'>ΙΙ</span> <span class='ocrx_word' id='word_1_280' title='bbox 1134 2655 1186 2694; x_wconf 91' lang='grc'>14</span> <span class='ocrx_word' id='word_1_281' title='bbox 1220 2656 1516 2694; x_wconf 87' lang='lat' dir='ltr'>consumatur</span> <span class='ocrx_word' id='word_1_282' title='bbox 1537 2654 1587 2703; x_wconf 79' lang='lat' dir='ltr'>G,</span> <span class='ocrx_word' id='word_1_283' title='bbox 1622 2664 1830 2692; x_wconf 87' lang='lat' dir='ltr'>consum-</span> 
     </span>
     <span class='ocr_line' id='line_1_33' title="bbox 214 2706 1829 2763; baseline -0.003 -12"><span class='ocrx_word' id='word_1_284' title='bbox 214 2716 310 2752; x_wconf 84' lang='lat' dir='ltr'>mat</span> <span class='ocrx_word' id='word_1_285' title='bbox 340 2711 470 2751; x_wconf 78' lang='lat' dir='ltr'>Burs.</span> <span class='ocrx_word' id='word_1_286' title='bbox 511 2709 526 2762; x_wconf 73' lang='grc'>[1</span> <span class='ocrx_word' id='word_1_287' title='bbox 562 2712 694 2751; x_wconf 82' lang='lat' dir='ltr'>uerba</span> <span class='ocrx_word' id='word_1_288' title='bbox 731 2723 818 2751; x_wconf 91' lang='lat' dir='ltr'>nec</span> <span class='ocrx_word' id='word_1_289' title='bbox 857 2713 976 2750; x_wconf 88' lang='lat' dir='ltr'>enim</span> <span class='ocrx_word' id='word_1_290' title='bbox 1014 2724 1058 2763; x_wconf 91' lang='lat' dir='ltr'>p.</span> <span class='ocrx_word' id='word_1_291' title='bbox 1107 2713 1262 2763; x_wconf 89' lang='lat' dir='ltr'>potest</span> <span class='ocrx_word' id='word_1_292' title='bbox 1303 2723 1379 2751; x_wconf 89' lang='lat' dir='ltr'>om.</span> <span class='ocrx_word' id='word_1_293' title='bbox 1419 2709 1456 2748; x_wconf 88' lang='lat' dir='ltr'>A</span> <span class='ocrx_word' id='word_1_294' title='bbox 1491 2706 1506 2761; x_wconf 89' lang='grc' dir='ltr'>ΙΙ</span> <span class='ocrx_word' id='word_1_295' title='bbox 1544 2712 1730 2761; x_wconf 84' lang='lat' dir='ltr'>potesta</span> <span class='ocrx_word' id='word_1_296' title='bbox 1760 2708 1829 2747; x_wconf 81' lang='lat' dir='ltr'>Bs</span> 
     </span>
     <span class='ocr_line' id='line_1_34' title="bbox 215 2763 1827 2820; baseline -0.003 -13"><span class='ocrx_word' id='word_1_297' title='bbox 215 2768 324 2807; x_wconf 79' lang='lat' dir='ltr'>TaV</span> <span class='ocrx_word' id='word_1_298' title='bbox 353 2765 368 2820; x_wconf 85' lang='grc' dir='ltr'>ΙΙ</span> <span class='ocrx_word' id='word_1_299' title='bbox 401 2768 452 2807; x_wconf 87' lang='lat'>15</span> <span class='ocrx_word' id='word_1_300' title='bbox 486 2769 773 2815; x_wconf 73' lang='lat' dir='ltr'>euctemonie</span> <span class='ocrx_word' id='word_1_301' title='bbox 804 2767 934 2807; x_wconf 86' lang='lat' dir='ltr'>uisae</span> <span class='ocrx_word' id='word_1_302' title='bbox 967 2767 1086 2817; x_wconf 87' lang='lat' dir='ltr'>(uise</span> <span class='ocrx_word' id='word_1_303' title='bbox 1119 2764 1233 2819; x_wconf 81' lang='lat' dir='ltr'>STa)</span> <span class='ocrx_word' id='word_1_304' title='bbox 1276 2765 1496 2806; x_wconf 85' lang='lat' dir='ltr'>clamator</span> <span class='ocrx_word' id='word_1_305' title='bbox 1527 2765 1578 2812; x_wconf 89' lang='grc'>0,</span> <span class='ocrx_word' id='word_1_306' title='bbox 1617 2763 1735 2804; x_wconf 89' lang='lat' dir='ltr'>leuis</span> <span class='ocrx_word' id='word_1_307' title='bbox 1767 2765 1827 2803; x_wconf 86' lang='lat' dir='ltr'>Tb</span> 
     </span>
     <span class='ocr_line' id='line_1_35' title="bbox 218 2819 1827 2876; baseline -0.003 -12"><span class='ocrx_word' id='word_1_308' title='bbox 218 2822 279 2864; x_wconf 84' lang='lat' dir='ltr'>al‘</span> <span class='ocrx_word' id='word_1_309' title='bbox 312 2823 430 2864; x_wconf 89' lang='lat' dir='ltr'>lenis</span> <span class='ocrx_word' id='word_1_310' title='bbox 462 2825 572 2874; x_wconf 86' lang='lat' dir='ltr'>ng</span> <span class='ocrx_word' id='word_1_311' title='bbox 594 2821 608 2876; x_wconf 77' lang='grc' dir='ltr'>ΙΙ</span> <span class='ocrx_word' id='word_1_312' title='bbox 633 2825 685 2864; x_wconf 91' lang='lat'>17</span> <span class='ocrx_word' id='word_1_313' title='bbox 716 2826 1003 2876; x_wconf 86' lang='lat' dir='ltr'>temptantur</span> <span class='ocrx_word' id='word_1_314' title='bbox 1031 2823 1065 2862; x_wconf 85' lang='lat' dir='ltr'>B</span> <span class='ocrx_word' id='word_1_315' title='bbox 1087 2821 1102 2875; x_wconf 82' lang='grc' dir='ltr'>ΙΙ</span> <span class='ocrx_word' id='word_1_316' title='bbox 1127 2824 1178 2863; x_wconf 90' lang='grc'>19</span> <span class='ocrx_word' id='word_1_317' title='bbox 1210 2821 1448 2876; x_wconf 88' lang='lat' dir='ltr'>purepuris</span> <span class='ocrx_word' id='word_1_318' title='bbox 1471 2823 1499 2860; x_wconf 79' lang='lat' dir='ltr'>C</span> <span class='ocrx_word' id='word_1_319' title='bbox 1520 2819 1535 2873; x_wconf 81' lang='grc' dir='ltr'>ΙΙ</span> <span class='ocrx_word' id='word_1_320' title='bbox 1566 2822 1620 2860; x_wconf 76' lang='grc'>20</span> <span class='ocrx_word' id='word_1_321' title='bbox 1651 2824 1827 2873; x_wconf 87' lang='lat' dir='ltr'>tempta</span> 
     </span>
     <span class='ocr_line' id='line_1_36' title="bbox 220 2877 1713 2933; baseline -0.003 -14"><span class='ocrx_word' id='word_1_322' title='bbox 220 2882 248 2919; x_wconf 80' lang='lat' dir='ltr'>c</span> <span class='ocrx_word' id='word_1_323' title='bbox 269 2878 284 2933; x_wconf 78' lang='grc' dir='ltr'>ΙΙ</span> <span class='ocrx_word' id='word_1_324' title='bbox 307 2894 334 2921; x_wconf 88' lang='lat' dir='ltr'>a</span> <span class='ocrx_word' id='word_1_325' title='bbox 364 2879 551 2920; x_wconf 87' lang='lat' dir='ltr'>lenones</span> <span class='ocrx_word' id='word_1_326' title='bbox 584 2881 612 2918; x_wconf 80' lang='lat' dir='ltr'><strong>G</strong></span> <span class='ocrx_word' id='word_1_327' title='bbox 651 2879 709 2920; x_wconf 88' lang='lat' dir='ltr'>ad</span> <span class='ocrx_word' id='word_1_328' title='bbox 739 2879 929 2920; x_wconf 87' lang='lat' dir='ltr'>lenones</span> <span class='ocrx_word' id='word_1_329' title='bbox 961 2880 1103 2919; x_wconf 79' lang='lat' dir='ltr'>s&#39;rav</span> <span class='ocrx_word' id='word_1_330' title='bbox 1137 2879 1194 2920; x_wconf 89' lang='lat' dir='ltr'>ad</span> <span class='ocrx_word' id='word_1_331' title='bbox 1225 2878 1383 2919; x_wconf 89' lang='lat' dir='ltr'>lenone</span> <span class='ocrx_word' id='word_1_332' title='bbox 1416 2878 1501 2929; x_wconf 85' lang='lat' dir='ltr'>Tb,</span> <span class='ocrx_word' id='word_1_333' title='bbox 1533 2889 1647 2917; x_wconf 80' lang='lat' dir='ltr'>corr.</span> <span class='ocrx_word' id='word_1_334' title='bbox 1678 2877 1713 2915; x_wconf 82' lang='grc' dir='ltr'><strong>Ε</strong></span> 
     </span>
    </p>
   </div>
  </div>
 </body>
</html>
