<?xml version="1.0" encoding="UTF-8"?>
<!DOCTYPE html PUBLIC "-//W3C//DTD XHTML 1.0 Transitional//EN"
    "http://www.w3.org/TR/xhtml1/DTD/xhtml1-transitional.dtd">
<html xmlns="http://www.w3.org/1999/xhtml" xml:lang="en" lang="en">
 <head>
  <title>
</title>
<meta http-equiv="Content-Type" content="text/html;charset=utf-8" />
  <meta name='ocr-system' content='tesseract 3.04.00' />
  <meta name='ocr-capabilities' content='ocr_page ocr_carea ocr_par ocr_line ocrx_word'/>
</head>
<body>
  <div class='ocr_page' id='page_1' title='image "./oratorumetrhetor00seneuoft_0402.png"; bbox 0 0 1936 3100; ppageno 0'>
   <div class='ocr_carea' id='block_1_1' title="bbox 156 105 1786 162">
    <p class='ocr_par' dir='ltr' id='par_1_1' title="bbox 156 105 1786 162">
     <span class='ocr_line' id='line_1_1' title="bbox 156 105 1786 162; baseline -0.007 -1"><span class='ocrx_word' id='word_1_1' title='bbox 156 106 279 161; x_wconf 78' lang='lat'>‚382</span> <span class='ocrx_word' id='word_1_2' title='bbox 696 105 928 148; x_wconf 82' lang='lat' dir='ltr'>ANNAEI</span> <span class='ocrx_word' id='word_1_3' title='bbox 959 106 1234 148; x_wconf 79' lang='lat' dir='ltr'>SENECAE</span> <span class='ocrx_word' id='word_1_4' title='bbox 1393 119 1401 125; x_wconf 91' lang='lat'><strong>·</strong></span> <span class='ocrx_word' id='word_1_5' title='bbox 1574 110 1712 162; x_wconf 81' lang='lat' dir='ltr'>p.425</span> <span class='ocrx_word' id='word_1_6' title='bbox 1729 111 1786 151; x_wconf 83' lang='grc' dir='ltr'>Β.</span> 
     </span>
    </p>
   </div>
   <div class='ocr_carea' id='block_1_2' title="bbox 547 285 1414 451">
    <p class='ocr_par' dir='ltr' id='par_1_2' title="bbox 547 285 1414 451">
     <span class='ocr_line' id='line_1_2' title="bbox 547 285 1414 357; baseline 0 -17"><span class='ocrx_word' id='word_1_7' title='bbox 547 285 1262 356; x_wconf 81' lang='lat' dir='ltr'>&lt;CONTROVERSIA</span> <span class='ocrx_word' id='word_1_8' title='bbox 1298 287 1414 357; x_wconf 90' lang='grc' dir='ltr'>ΙΙ.&gt;</span> 
     </span>
     <span class='ocr_line' id='line_1_3' title="bbox 567 400 1400 451; baseline 0.002 -8"><span class='ocrx_word' id='word_1_9' title='bbox 567 401 817 444; x_wconf 82' lang='lat' dir='ltr'>PHIDIAS</span> <span class='ocrx_word' id='word_1_10' title='bbox 850 400 1084 443; x_wconf 78' lang='grc' dir='ltr'>ΑΜ18818</span> <span class='ocrx_word' id='word_1_11' title='bbox 1116 401 1400 451; x_wconf 72' lang='lat' dir='ltr'>MANissvs.</span> 
     </span>
    </p>
   </div>
   <div class='ocr_carea' id='block_1_3' title="bbox 175 511 1848 1058">
    <p class='ocr_par' dir='ltr' id='par_1_3' title="bbox 175 511 1848 1058">
     <span class='ocr_line' id='line_1_4' title="bbox 175 511 1785 582; baseline -0.001 -16"><span class='ocrx_word' id='word_1_12' title='bbox 175 511 449 582; x_wconf 82' lang='lat' dir='ltr'>Sacrilego</span> <span class='ocrx_word' id='word_1_13' title='bbox 499 530 688 564; x_wconf 89' lang='lat' dir='ltr'>manus</span> <span class='ocrx_word' id='word_1_14' title='bbox 726 511 1116 580; x_wconf 76' lang='lat' dir='ltr'>praecidantur.</span> <span class='ocrx_word' id='word_1_15' title='bbox 1191 511 1300 564; x_wconf 85' lang='lat' dir='ltr'>Elii</span> <span class='ocrx_word' id='word_1_16' title='bbox 1339 514 1406 564; x_wconf 90' lang='lat' dir='ltr'>ab</span> <span class='ocrx_word' id='word_1_17' title='bbox 1443 514 1785 565; x_wconf 90' lang='lat' dir='ltr'>Atheniensi-</span> 
     </span>
     <span class='ocr_line' id='line_1_5' title="bbox 312 582 1784 652; baseline 0.001 -18"><span class='ocrx_word' id='word_1_18' title='bbox 312 584 412 635; x_wconf 86' lang='lat' dir='ltr'>bus</span> <span class='ocrx_word' id='word_1_19' title='bbox 438 583 626 634; x_wconf 84' lang='lat' dir='ltr'>Fidian</span> <span class='ocrx_word' id='word_1_20' title='bbox 665 585 999 650; x_wconf 79' lang='lat' dir='ltr'>acceperunt,</span> <span class='ocrx_word' id='word_1_21' title='bbox 1038 586 1100 634; x_wconf 89' lang='lat' dir='ltr'>ut</span> <span class='ocrx_word' id='word_1_22' title='bbox 1135 582 1220 635; x_wconf 88' lang='lat' dir='ltr'>his</span> <span class='ocrx_word' id='word_1_23' title='bbox 1256 583 1442 635; x_wconf 92' lang='lat' dir='ltr'>Iouem</span> <span class='ocrx_word' id='word_1_24' title='bbox 1476 582 1784 652; x_wconf 85' lang='lat' dir='ltr'>Olympium</span> 
     </span>
     <span class='ocr_line' id='line_1_6' title="bbox 313 652 1827 723; baseline 0.002 -19"><span class='ocrx_word' id='word_1_25' title='bbox 313 653 537 723; x_wconf 83' lang='lat' dir='ltr'>faceret,</span> <span class='ocrx_word' id='word_1_26' title='bbox 593 656 749 721; x_wconf 86' lang='lat' dir='ltr'>pacto</span> <span class='ocrx_word' id='word_1_27' title='bbox 799 652 1119 721; x_wconf 85' lang='lat' dir='ltr'>interposito</span> <span class='ocrx_word' id='word_1_28' title='bbox 1130 694 1144 721; x_wconf 88' lang='lat'><em>‚</em></span> <span class='ocrx_word' id='word_1_29' title='bbox 1201 656 1262 705; x_wconf 91' lang='lat' dir='ltr'>ut</span> <span class='ocrx_word' id='word_1_30' title='bbox 1307 656 1404 705; x_wconf 86' lang='lat' dir='ltr'>aut</span> <span class='ocrx_word' id='word_1_31' title='bbox 1448 652 1642 706; x_wconf 86' lang='lat' dir='ltr'>Fidian</span> <span class='ocrx_word' id='word_1_32' title='bbox 1691 659 1783 707; x_wconf 90' lang='lat' dir='ltr'>aut</span> <span class='ocrx_word' id='word_1_33' title='bbox 1806 666 1827 699; x_wconf 88' lang='lat'>5</span> 
     </span>
     <span class='ocr_line' id='line_1_7' title="bbox 313 723 1785 791; baseline 0 -15"><span class='ocrx_word' id='word_1_34' title='bbox 313 727 527 776; x_wconf 89' lang='lat' dir='ltr'>centum</span> <span class='ocrx_word' id='word_1_35' title='bbox 552 723 758 776; x_wconf 89' lang='lat' dir='ltr'>talenta</span> <span class='ocrx_word' id='word_1_36' title='bbox 783 723 1079 775; x_wconf 75' lang='lat' dir='ltr'>redderent.</span> <span class='ocrx_word' id='word_1_37' title='bbox 1136 723 1373 791; x_wconf 87' lang='lat' dir='ltr'>perfecto</span> <span class='ocrx_word' id='word_1_38' title='bbox 1400 724 1529 776; x_wconf 92' lang='lat' dir='ltr'>Ioue</span> <span class='ocrx_word' id='word_1_39' title='bbox 1565 724 1674 776; x_wconf 88' lang='lat' dir='ltr'>Elii</span> <span class='ocrx_word' id='word_1_40' title='bbox 1701 724 1785 776; x_wconf 90' lang='lat' dir='ltr'>Fi-</span> 
     </span>
     <span class='ocr_line' id='line_1_8' title="bbox 313 793 1784 862; baseline 0 -16"><span class='ocrx_word' id='word_1_41' title='bbox 313 794 438 847; x_wconf 90' lang='lat' dir='ltr'>dian</span> <span class='ocrx_word' id='word_1_42' title='bbox 496 812 685 846; x_wconf 91' lang='lat' dir='ltr'>aurum</span> <span class='ocrx_word' id='word_1_43' title='bbox 732 794 972 862; x_wconf 82' lang='lat' dir='ltr'>rapuisse</span> <span class='ocrx_word' id='word_1_44' title='bbox 1020 793 1270 845; x_wconf 90' lang='lat' dir='ltr'>dixerunt</span> <span class='ocrx_word' id='word_1_45' title='bbox 1317 797 1370 845; x_wconf 92' lang='lat' dir='ltr'>et</span> <span class='ocrx_word' id='word_1_46' title='bbox 1415 812 1604 846; x_wconf 86' lang='lat' dir='ltr'>manus</span> <span class='ocrx_word' id='word_1_47' title='bbox 1652 799 1784 847; x_wconf 89' lang='lat' dir='ltr'>tam-</span> 
     </span>
     <span class='ocr_line' id='line_1_9' title="bbox 313 863 1785 934; baseline 0 -17"><span class='ocrx_word' id='word_1_48' title='bbox 313 883 473 933; x_wconf 91' lang='lat' dir='ltr'>quam</span> <span class='ocrx_word' id='word_1_49' title='bbox 521 865 782 934; x_wconf 83' lang='lat' dir='ltr'>sacrilego</span> <span class='ocrx_word' id='word_1_50' title='bbox 830 863 1228 933; x_wconf 85' lang='lat' dir='ltr'>praeciderunt,</span> <span class='ocrx_word' id='word_1_51' title='bbox 1276 867 1580 917; x_wconf 89' lang='lat' dir='ltr'>truncatum</span> <span class='ocrx_word' id='word_1_52' title='bbox 1620 865 1785 917; x_wconf 86' lang='lat' dir='ltr'>Athe-</span> 
     </span>
     <span class='ocr_line' id='line_1_10' title="bbox 311 934 1783 1003; baseline 0 -16"><span class='ocrx_word' id='word_1_53' title='bbox 311 936 588 988; x_wconf 85' lang='lat' dir='ltr'>niensibus</span> <span class='ocrx_word' id='word_1_54' title='bbox 625 934 869 988; x_wconf 88' lang='lat' dir='ltr'>reddunt.</span> <span class='ocrx_word' id='word_1_55' title='bbox 944 937 1138 1003; x_wconf 89' lang='lat' dir='ltr'>petunt</span> <span class='ocrx_word' id='word_1_56' title='bbox 1173 935 1531 987; x_wconf 76' lang='lat' dir='ltr'>Athenienses</span> <span class='ocrx_word' id='word_1_57' title='bbox 1570 939 1783 987; x_wconf 91' lang='lat' dir='ltr'>centum</span> 
     </span>
     <span class='ocr_line' id='line_1_11' title="bbox 314 1005 1848 1058; baseline -0.001 0"><span class='ocrx_word' id='word_1_58' title='bbox 314 1006 532 1058; x_wconf 86' lang='lat' dir='ltr'>talenta.</span> <span class='ocrx_word' id='word_1_59' title='bbox 583 1005 974 1058; x_wconf 87' lang='lat' dir='ltr'>contradicunt.</span> <span class='ocrx_word' id='word_1_60' title='bbox 1807 1019 1848 1050; x_wconf 88' lang='lat'>10</span> 
     </span>
    </p>
   </div>
   <div class='ocr_carea' id='block_1_4' title="bbox 163 1103 1845 2644">
    <p class='ocr_par' dir='ltr' id='par_1_4' title="bbox 163 1103 1845 2579">
     <span class='ocr_line' id='line_1_12' title="bbox 273 1103 1781 1171; baseline -0.001 -15"><span class='ocrx_word' id='word_1_61' title='bbox 273 1104 388 1157; x_wconf 89' lang='lat' dir='ltr'>Iam</span> <span class='ocrx_word' id='word_1_62' title='bbox 425 1103 617 1156; x_wconf 87' lang='lat' dir='ltr'>Fidian</span> <span class='ocrx_word' id='word_1_63' title='bbox 666 1103 1003 1156; x_wconf 89' lang='lat' dir='ltr'>commodare</span> <span class='ocrx_word' id='word_1_64' title='bbox 1049 1120 1161 1155; x_wconf 91' lang='lat' dir='ltr'>non</span> <span class='ocrx_word' id='word_1_65' title='bbox 1198 1121 1430 1171; x_wconf 89' lang='lat' dir='ltr'>possum.</span> <span class='ocrx_word' id='word_1_66' title='bbox 1507 1103 1657 1155; x_wconf 86' lang='lat' dir='ltr'>Tunc</span> <span class='ocrx_word' id='word_1_67' title='bbox 1697 1103 1781 1155; x_wconf 89' lang='lat' dir='ltr'>de-</span> 
     </span>
     <span class='ocr_line' id='line_1_13' title="bbox 168 1173 1779 1242; baseline 0 -17"><span class='ocrx_word' id='word_1_68' title='bbox 168 1193 316 1226; x_wconf 88' lang='lat' dir='ltr'>mum</span> <span class='ocrx_word' id='word_1_69' title='bbox 342 1174 435 1226; x_wconf 90' lang='lat' dir='ltr'>illa</span> <span class='ocrx_word' id='word_1_70' title='bbox 471 1175 719 1226; x_wconf 89' lang='lat' dir='ltr'>maiestas</span> <span class='ocrx_word' id='word_1_71' title='bbox 748 1173 974 1241; x_wconf 84' lang='lat' dir='ltr'>exprimi</span> <span class='ocrx_word' id='word_1_72' title='bbox 1000 1176 1193 1241; x_wconf 83' lang='lat' dir='ltr'>potest,</span> <span class='ocrx_word' id='word_1_73' title='bbox 1234 1191 1355 1226; x_wconf 91' lang='lat' dir='ltr'>cum</span> <span class='ocrx_word' id='word_1_74' title='bbox 1382 1173 1590 1226; x_wconf 90' lang='lat' dir='ltr'>animus</span> <span class='ocrx_word' id='word_1_75' title='bbox 1618 1191 1779 1242; x_wconf 90' lang='lat' dir='ltr'>opera</span> 
     </span>
     <span class='ocr_line' id='line_1_14' title="bbox 167 1243 1777 1313; baseline 0 -17"><span class='ocrx_word' id='word_1_76' title='bbox 167 1245 466 1313; x_wconf 86' lang='lat' dir='ltr'>prospexit,</span> <span class='ocrx_word' id='word_1_77' title='bbox 514 1262 706 1296; x_wconf 89' lang='lat' dir='ltr'>manus</span> <span class='ocrx_word' id='word_1_78' title='bbox 746 1243 912 1296; x_wconf 91' lang='lat' dir='ltr'>duxit.</span> <span class='ocrx_word' id='word_1_79' title='bbox 988 1245 1131 1295; x_wconf 85' lang='lat' dir='ltr'>Ante</span> <span class='ocrx_word' id='word_1_80' title='bbox 1170 1243 1272 1295; x_wconf 89' lang='lat' dir='ltr'>sibi</span> <span class='ocrx_word' id='word_1_81' title='bbox 1310 1262 1470 1311; x_wconf 91' lang='lat' dir='ltr'>quam</span> <span class='ocrx_word' id='word_1_82' title='bbox 1509 1244 1658 1311; x_wconf 89' lang='lat' dir='ltr'>operi</span> <span class='ocrx_word' id='word_1_83' title='bbox 1694 1243 1777 1296; x_wconf 91' lang='lat' dir='ltr'>Io-</span> 
     </span>
     <span class='ocr_line' id='line_1_15' title="bbox 168 1313 1779 1383; baseline -0.001 -16"><span class='ocrx_word' id='word_1_84' title='bbox 168 1333 290 1367; x_wconf 90' lang='lat' dir='ltr'>uem</span> <span class='ocrx_word' id='word_1_85' title='bbox 327 1314 473 1367; x_wconf 87' lang='lat' dir='ltr'>fecit.</span> <span class='ocrx_word' id='word_1_86' title='bbox 551 1313 809 1383; x_wconf 80' lang='lat' dir='ltr'>Sacrilegi</span> <span class='ocrx_word' id='word_1_87' title='bbox 847 1331 944 1366; x_wconf 87' lang='lat' dir='ltr'>uos</span> <span class='ocrx_word' id='word_1_88' title='bbox 994 1314 1119 1365; x_wconf 88' lang='lat' dir='ltr'>estis</span> <span class='ocrx_word' id='word_1_89' title='bbox 1158 1314 1250 1381; x_wconf 90' lang='lat' dir='ltr'>qui</span> <span class='ocrx_word' id='word_1_90' title='bbox 1287 1313 1617 1381; x_wconf 81' lang='lat' dir='ltr'>praecidistis</span> <span class='ocrx_word' id='word_1_91' title='bbox 1657 1331 1779 1366; x_wconf 93' lang='lat' dir='ltr'>con-</span> 
     </span>
     <span class='ocr_line' id='line_1_16' title="bbox 169 1383 1845 1453; baseline -0.001 -16"><span class='ocrx_word' id='word_1_92' title='bbox 169 1388 398 1438; x_wconf 89' lang='lat' dir='ltr'>secratas</span> <span class='ocrx_word' id='word_1_93' title='bbox 435 1403 640 1437; x_wconf 81' lang='lat' dir='ltr'>manus,</span> <span class='ocrx_word' id='word_1_94' title='bbox 716 1384 958 1436; x_wconf 90' lang='lat' dir='ltr'>Primum</span> <span class='ocrx_word' id='word_1_95' title='bbox 1007 1384 1324 1453; x_wconf 85' lang='lat' dir='ltr'>sanguinem</span> <span class='ocrx_word' id='word_1_96' title='bbox 1363 1384 1489 1436; x_wconf 92' lang='lat' dir='ltr'>deus</span> <span class='ocrx_word' id='word_1_97' title='bbox 1527 1385 1608 1435; x_wconf 89' lang='lat' dir='ltr'>sui</span> <span class='ocrx_word' id='word_1_98' title='bbox 1645 1383 1781 1436; x_wconf 90' lang='lat' dir='ltr'>uidit</span> <span class='ocrx_word' id='word_1_99' title='bbox 1805 1396 1845 1429; x_wconf 88' lang='lat'>15</span> 
     </span>
     <span class='ocr_line' id='line_1_17' title="bbox 170 1453 1779 1523; baseline -0.001 -16"><span class='ocrx_word' id='word_1_100' title='bbox 170 1456 405 1508; x_wconf 79' lang='lat' dir='ltr'>artificis,</span> <span class='ocrx_word' id='word_1_101' title='bbox 458 1455 648 1508; x_wconf 86' lang='lat' dir='ltr'>Testor</span> <span class='ocrx_word' id='word_1_102' title='bbox 686 1455 886 1522; x_wconf 84' lang='lat' dir='ltr'>Iouem,</span> <span class='ocrx_word' id='word_1_103' title='bbox 924 1454 1203 1523; x_wconf 91' lang='lat' dir='ltr'>proprium</span> <span class='ocrx_word' id='word_1_104' title='bbox 1240 1454 1347 1506; x_wconf 87' lang='lat' dir='ltr'>iam</span> <span class='ocrx_word' id='word_1_105' title='bbox 1385 1453 1567 1506; x_wconf 87' lang='lat' dir='ltr'>Fidiae</span> <span class='ocrx_word' id='word_1_106' title='bbox 1607 1453 1779 1507; x_wconf 90' lang='lat' dir='ltr'>deum.</span> 
     </span>
     <span class='ocr_line' id='line_1_18' title="bbox 167 1524 1779 1593; baseline -0.001 -15"><span class='ocrx_word' id='word_1_107' title='bbox 167 1529 273 1578; x_wconf 91' lang='lat' dir='ltr'>Ars</span> <span class='ocrx_word' id='word_1_108' title='bbox 322 1526 456 1578; x_wconf 90' lang='lat' dir='ltr'>alios</span> <span class='ocrx_word' id='word_1_109' title='bbox 494 1527 551 1578; x_wconf 90' lang='lat' dir='ltr'>in</span> <span class='ocrx_word' id='word_1_110' title='bbox 599 1525 812 1578; x_wconf 87' lang='lat' dir='ltr'>miseria</span> <span class='ocrx_word' id='word_1_111' title='bbox 850 1525 1104 1593; x_wconf 81' lang='lat' dir='ltr'>sustinet,</span> <span class='ocrx_word' id='word_1_112' title='bbox 1154 1528 1207 1576; x_wconf 87' lang='lat' dir='ltr'>te</span> <span class='ocrx_word' id='word_1_113' title='bbox 1245 1525 1601 1576; x_wconf 86' lang='lat' dir='ltr'>miserrimum</span> <span class='ocrx_word' id='word_1_114' title='bbox 1639 1524 1779 1577; x_wconf 88' lang='lat' dir='ltr'>fecit.</span> 
     </span>
     <span class='ocr_line' id='line_1_19' title="bbox 168 1594 1780 1649; baseline -0.002 0"><span class='ocrx_word' id='word_1_115' title='bbox 168 1596 555 1649; x_wconf 82' lang='lat' dir='ltr'>Paciscendum</span> <span class='ocrx_word' id='word_1_116' title='bbox 601 1595 792 1648; x_wconf 85' lang='lat' dir='ltr'>Fidian</span> <span class='ocrx_word' id='word_1_117' title='bbox 839 1613 1029 1647; x_wconf 90' lang='lat' dir='ltr'>manus</span> <span class='ocrx_word' id='word_1_118' title='bbox 1081 1595 1335 1647; x_wconf 87' lang='lat' dir='ltr'>fecerant.</span> <span class='ocrx_word' id='word_1_119' title='bbox 1411 1594 1537 1648; x_wconf 83' lang='lat' dir='ltr'>Sine</span> <span class='ocrx_word' id='word_1_120' title='bbox 1586 1612 1648 1647; x_wconf 93' lang='grc'>00</span> <span class='ocrx_word' id='word_1_121' title='bbox 1694 1594 1780 1646; x_wconf 91' lang='lat' dir='ltr'>Fi-</span> 
     </span>
     <span class='ocr_line' id='line_1_20' title="bbox 170 1666 1778 1734; baseline -0.002 -15"><span class='ocrx_word' id='word_1_122' title='bbox 170 1667 296 1719; x_wconf 87' lang='lat' dir='ltr'>dian</span> <span class='ocrx_word' id='word_1_123' title='bbox 333 1685 432 1719; x_wconf 87' lang='lat' dir='ltr'>nos</span> <span class='ocrx_word' id='word_1_124' title='bbox 471 1670 778 1734; x_wconf 88' lang='lat' dir='ltr'>recepturos</span> <span class='ocrx_word' id='word_1_125' title='bbox 816 1666 1034 1734; x_wconf 81' lang='lat' dir='ltr'>putatiS‚</span> <span class='ocrx_word' id='word_1_126' title='bbox 1073 1666 1188 1718; x_wconf 89' lang='lat' dir='ltr'>sine</span> <span class='ocrx_word' id='word_1_127' title='bbox 1228 1683 1333 1734; x_wconf 90' lang='lat' dir='ltr'>quo</span> <span class='ocrx_word' id='word_1_128' title='bbox 1372 1683 1470 1718; x_wconf 91' lang='lat' dir='ltr'>uos</span> <span class='ocrx_word' id='word_1_129' title='bbox 1509 1666 1778 1732; x_wconf 82' lang='lat' dir='ltr'>accepturi</span> 
     </span>
     <span class='ocr_line' id='line_1_21' title="bbox 167 1735 1843 1810; baseline -0.001 -22"><span class='ocrx_word' id='word_1_130' title='bbox 167 1756 278 1790; x_wconf 89' lang='lat' dir='ltr'>non</span> <span class='ocrx_word' id='word_1_131' title='bbox 316 1737 539 1790; x_wconf 76' lang='lat' dir='ltr'>fuistis?</span> <span class='ocrx_word' id='word_1_132' title='bbox 578 1735 1049 1810; x_wconf 74' lang='lat' dir='ltr'>Commodauimus</span> <span class='ocrx_word' id='word_1_133' title='bbox 1076 1737 1167 1804; x_wconf 89' lang='lat' dir='ltr'>qui</span> <span class='ocrx_word' id='word_1_134' title='bbox 1204 1736 1379 1788; x_wconf 86' lang='lat' dir='ltr'>facere</span> <span class='ocrx_word' id='word_1_135' title='bbox 1416 1739 1598 1804; x_wconf 90' lang='lat' dir='ltr'>posset</span> <span class='ocrx_word' id='word_1_136' title='bbox 1634 1735 1776 1803; x_wconf 83' lang='lat' dir='ltr'>deOS‚</span> <span class='ocrx_word' id='word_1_137' title='bbox 1801 1749 1843 1781; x_wconf 83' lang='lat'>20</span> 
     </span>
     <span class='ocr_line' id='line_1_22' title="bbox 166 1805 1781 1876; baseline -0.001 -16"><span class='ocrx_word' id='word_1_138' title='bbox 166 1809 463 1876; x_wconf 82' lang='lat' dir='ltr'>recepimus</span> <span class='ocrx_word' id='word_1_139' title='bbox 490 1808 582 1876; x_wconf 90' lang='lat' dir='ltr'>qui</span> <span class='ocrx_word' id='word_1_140' title='bbox 619 1826 687 1860; x_wconf 91' lang='lat' dir='ltr'>ne</span> <span class='ocrx_word' id='word_1_141' title='bbox 726 1807 942 1859; x_wconf 89' lang='lat' dir='ltr'>adorare</span> <span class='ocrx_word' id='word_1_142' title='bbox 969 1807 1182 1875; x_wconf 89' lang='lat' dir='ltr'>quidem</span> <span class='ocrx_word' id='word_1_143' title='bbox 1221 1807 1404 1874; x_wconf 88' lang='lat' dir='ltr'>possit.</span> <span class='ocrx_word' id='word_1_144' title='bbox 1452 1805 1580 1858; x_wconf 91' lang='lat' dir='ltr'>Non</span> <span class='ocrx_word' id='word_1_145' title='bbox 1616 1805 1781 1874; x_wconf 89' lang='lat' dir='ltr'>pudet</span> 
     </span>
     <span class='ocr_line' id='line_1_23' title="bbox 166 1875 1780 1946; baseline -0.002 -15"><span class='ocrx_word' id='word_1_146' title='bbox 166 1897 264 1931; x_wconf 90' lang='lat' dir='ltr'>uos</span> <span class='ocrx_word' id='word_1_147' title='bbox 311 1878 499 1931; x_wconf 89' lang='lat' dir='ltr'>Iouem</span> <span class='ocrx_word' id='word_1_148' title='bbox 547 1878 737 1930; x_wconf 87' lang='lat' dir='ltr'>debere</span> <span class='ocrx_word' id='word_1_149' title='bbox 785 1877 1085 1946; x_wconf 80' lang='lat' dir='ltr'>sacrilego?</span> <span class='ocrx_word' id='word_1_150' title='bbox 1149 1876 1402 1944; x_wconf 83' lang='lat' dir='ltr'>Superest</span> <span class='ocrx_word' id='word_1_151' title='bbox 1448 1877 1639 1943; x_wconf 84' lang='lat' dir='ltr'>hom0‚</span> <span class='ocrx_word' id='word_1_152' title='bbox 1689 1875 1780 1928; x_wconf 91' lang='lat' dir='ltr'>sed</span> 
     </span>
     <span class='ocr_line' id='line_1_24' title="bbox 166 1946 1776 2017; baseline -0.002 -16"><span class='ocrx_word' id='word_1_153' title='bbox 166 1949 360 2001; x_wconf 88' lang='lat' dir='ltr'>artifex</span> <span class='ocrx_word' id='word_1_154' title='bbox 412 1949 587 2017; x_wconf 87' lang='lat' dir='ltr'>periit.</span> <span class='ocrx_word' id='word_1_155' title='bbox 663 1949 902 2001; x_wconf 88' lang='lat' dir='ltr'>Poenam</span> <span class='ocrx_word' id='word_1_156' title='bbox 948 1948 1104 2000; x_wconf 89' lang='lat' dir='ltr'>nobis</span> <span class='ocrx_word' id='word_1_157' title='bbox 1154 1946 1360 2016; x_wconf 81' lang='lat' dir='ltr'>Fidiae,</span> <span class='ocrx_word' id='word_1_158' title='bbox 1415 1965 1528 1999; x_wconf 89' lang='lat' dir='ltr'>non</span> <span class='ocrx_word' id='word_1_159' title='bbox 1583 1946 1776 1998; x_wconf 90' lang='lat' dir='ltr'>Fidian</span> 
     </span>
     <span class='ocr_line' id='line_1_25' title="bbox 165 2017 1774 2087; baseline -0.002 -16"><span class='ocrx_word' id='word_1_160' title='bbox 165 2019 400 2072; x_wconf 79' lang='lat' dir='ltr'>redditis,</span> <span class='ocrx_word' id='word_1_161' title='bbox 476 2019 670 2071; x_wconf 89' lang='lat' dir='ltr'>Manus</span> <span class='ocrx_word' id='word_1_162' title='bbox 718 2037 851 2087; x_wconf 88' lang='lat' dir='ltr'>quae</span> <span class='ocrx_word' id='word_1_163' title='bbox 909 2019 1154 2070; x_wconf 87' lang='lat' dir='ltr'>solebant</span> <span class='ocrx_word' id='word_1_164' title='bbox 1201 2017 1325 2070; x_wconf 92' lang='lat' dir='ltr'>deos</span> <span class='ocrx_word' id='word_1_165' title='bbox 1383 2018 1582 2084; x_wconf 81' lang='lat' dir='ltr'>facere,</span> <span class='ocrx_word' id='word_1_166' title='bbox 1631 2034 1774 2068; x_wconf 91' lang='lat' dir='ltr'>nunc</span> 
     </span>
     <span class='ocr_line' id='line_1_26' title="bbox 165 2086 1839 2158; baseline -0.003 -16"><span class='ocrx_word' id='word_1_167' title='bbox 165 2108 232 2142; x_wconf 92' lang='lat' dir='ltr'>ne</span> <span class='ocrx_word' id='word_1_168' title='bbox 278 2090 524 2142; x_wconf 88' lang='lat' dir='ltr'>homines</span> <span class='ocrx_word' id='word_1_169' title='bbox 576 2089 790 2158; x_wconf 88' lang='lat' dir='ltr'>quidem</span> <span class='ocrx_word' id='word_1_170' title='bbox 839 2105 1031 2158; x_wconf 85' lang='lat' dir='ltr'>rogare</span> <span class='ocrx_word' id='word_1_171' title='bbox 1089 2091 1330 2156; x_wconf 86' lang='lat' dir='ltr'>possunt.</span> <span class='ocrx_word' id='word_1_172' title='bbox 1406 2087 1590 2139; x_wconf 87' lang='lat' dir='ltr'>Talem</span> <span class='ocrx_word' id='word_1_173' title='bbox 1647 2086 1775 2138; x_wconf 88' lang='lat' dir='ltr'>fecit</span> <span class='ocrx_word' id='word_1_174' title='bbox 1798 2098 1839 2129; x_wconf 84' lang='lat'>25</span> 
     </span>
     <span class='ocr_line' id='line_1_27' title="bbox 164 2156 1774 2229; baseline -0.003 -17"><span class='ocrx_word' id='word_1_175' title='bbox 164 2161 368 2229; x_wconf 81' lang='lat' dir='ltr'>Iouem,</span> <span class='ocrx_word' id='word_1_176' title='bbox 408 2164 467 2212; x_wconf 85' lang='lat' dir='ltr'>ut</span> <span class='ocrx_word' id='word_1_177' title='bbox 503 2161 607 2212; x_wconf 91' lang='lat' dir='ltr'>hoc</span> <span class='ocrx_word' id='word_1_178' title='bbox 646 2160 758 2212; x_wconf 91' lang='lat' dir='ltr'>eius</span> <span class='ocrx_word' id='word_1_179' title='bbox 799 2178 932 2227; x_wconf 89' lang='lat' dir='ltr'>opus</span> <span class='ocrx_word' id='word_1_180' title='bbox 968 2159 1079 2211; x_wconf 89' lang='lat' dir='ltr'>Elii</span> <span class='ocrx_word' id='word_1_181' title='bbox 1119 2175 1230 2209; x_wconf 91' lang='lat' dir='ltr'>esse</span> <span class='ocrx_word' id='word_1_182' title='bbox 1269 2157 1518 2208; x_wconf 89' lang='lat' dir='ltr'>ultimum</span> <span class='ocrx_word' id='word_1_183' title='bbox 1555 2156 1774 2208; x_wconf 86' lang='lat' dir='ltr'>uellent.</span> 
     </span>
     <span class='ocr_line' id='line_1_28' title="bbox 164 2225 1776 2295; baseline -0.003 -13"><span class='ocrx_word' id='word_1_184' title='bbox 164 2229 358 2282; x_wconf 87' lang='lat' dir='ltr'>Manus</span> <span class='ocrx_word' id='word_1_185' title='bbox 415 2230 894 2295; x_wconf 78' lang='lat' dir='ltr'>commodauimUS,</span> <span class='ocrx_word' id='word_1_186' title='bbox 951 2246 1142 2280; x_wconf 91' lang='lat' dir='ltr'>manus</span> <span class='ocrx_word' id='word_1_187' title='bbox 1207 2226 1549 2294; x_wconf 68' lang='lat' dir='ltr'>reposcimus</span> <span class='ocrx_word' id='word_1_188' title='bbox 1624 2225 1776 2278; x_wconf 85' lang='lat' dir='ltr'>Elius</span> 
     </span>
     <span class='ocr_line' id='line_1_29' title="bbox 165 2296 1775 2368; baseline -0.003 -16"><span class='ocrx_word' id='word_1_189' title='bbox 165 2303 246 2352; x_wconf 89' lang='lat' dir='ltr'>est</span> <span class='ocrx_word' id='word_1_190' title='bbox 280 2301 431 2352; x_wconf 87' lang='lat' dir='ltr'>testis</span> <span class='ocrx_word' id='word_1_191' title='bbox 442 2342 456 2368; x_wconf 82' lang='lat'><em>‚</em></span> <span class='ocrx_word' id='word_1_192' title='bbox 494 2300 646 2352; x_wconf 86' lang='lat' dir='ltr'>Elius</span> <span class='ocrx_word' id='word_1_193' title='bbox 685 2302 986 2366; x_wconf 85' lang='lat' dir='ltr'>accusator,</span> <span class='ocrx_word' id='word_1_194' title='bbox 1023 2297 1176 2350; x_wconf 87' lang='lat' dir='ltr'>Elius</span> <span class='ocrx_word' id='word_1_195' title='bbox 1215 2297 1388 2365; x_wconf 82' lang='lat' dir='ltr'>iudex,</span> <span class='ocrx_word' id='word_1_196' title='bbox 1427 2296 1775 2348; x_wconf 86' lang='lat' dir='ltr'>Atheniensis</span> 
     </span>
     <span class='ocr_line' id='line_1_30' title="bbox 165 2366 1774 2436; baseline -0.003 -14"><span class='ocrx_word' id='word_1_197' title='bbox 165 2372 377 2423; x_wconf 83' lang='lat' dir='ltr'>tantum</span> <span class='ocrx_word' id='word_1_198' title='bbox 415 2387 552 2422; x_wconf 89' lang='lat' dir='ltr'>reus.</span> <span class='ocrx_word' id='word_1_199' title='bbox 609 2368 812 2421; x_wconf 91' lang='lat' dir='ltr'>Inuoco</span> <span class='ocrx_word' id='word_1_200' title='bbox 852 2368 993 2436; x_wconf 79' lang='grc'>(1008,</span> <span class='ocrx_word' id='word_1_201' title='bbox 1034 2370 1086 2420; x_wconf 89' lang='lat' dir='ltr'>et</span> <span class='ocrx_word' id='word_1_202' title='bbox 1121 2367 1243 2419; x_wconf 92' lang='lat' dir='ltr'>illos</span> <span class='ocrx_word' id='word_1_203' title='bbox 1270 2385 1404 2435; x_wconf 90' lang='lat' dir='ltr'>quos</span> <span class='ocrx_word' id='word_1_204' title='bbox 1441 2366 1571 2420; x_wconf 89' lang='lat' dir='ltr'>fecit</span> <span class='ocrx_word' id='word_1_205' title='bbox 1594 2366 1774 2419; x_wconf 88' lang='lat' dir='ltr'>Fidias</span> 
     </span>
     <span class='ocr_line' id='line_1_31' title="bbox 165 2437 1838 2508; baseline -0.002 -16"><span class='ocrx_word' id='word_1_206' title='bbox 165 2444 219 2492; x_wconf 87' lang='lat' dir='ltr'>et</span> <span class='ocrx_word' id='word_1_207' title='bbox 254 2440 375 2492; x_wconf 87' lang='lat' dir='ltr'>illos</span> <span class='ocrx_word' id='word_1_208' title='bbox 415 2458 548 2508; x_wconf 90' lang='lat' dir='ltr'>quos</span> <span class='ocrx_word' id='word_1_209' title='bbox 586 2439 760 2492; x_wconf 88' lang='lat' dir='ltr'>facere</span> <span class='ocrx_word' id='word_1_210' title='bbox 797 2438 990 2507; x_wconf 88' lang='lat' dir='ltr'>potuit.</span> <span class='ocrx_word' id='word_1_211' title='bbox 1042 2437 1359 2506; x_wconf 82' lang='lat' dir='ltr'>Recepimus</span> <span class='ocrx_word' id='word_1_212' title='bbox 1397 2437 1612 2490; x_wconf 89' lang='lat' dir='ltr'>Fidian:</span> <span class='ocrx_word' id='word_1_213' title='bbox 1652 2454 1775 2489; x_wconf 89' lang='lat' dir='ltr'>con·</span> <span class='ocrx_word' id='word_1_214' title='bbox 1798 2449 1838 2480; x_wconf 84' lang='lat'>30</span> 
     </span>
     <span class='ocr_line' id='line_1_32' title="bbox 163 2509 1182 2579; baseline -0.003 -16"><span class='ocrx_word' id='word_1_215' title='bbox 163 2511 335 2578; x_wconf 88' lang='lat' dir='ltr'>fiteor,</span> <span class='ocrx_word' id='word_1_216' title='bbox 375 2511 418 2562; x_wconf 89' lang='lat' dir='ltr'>si</span> <span class='ocrx_word' id='word_1_217' title='bbox 455 2528 738 2579; x_wconf 91' lang='lat' dir='ltr'>possumus</span> <span class='ocrx_word' id='word_1_218' title='bbox 777 2509 1129 2562; x_wconf 88' lang='lat' dir='ltr'>commodare.</span> <span class='ocrx_word' id='word_1_219' title='bbox 1170 2509 1182 2578; x_wconf 78' lang='grc' dir='ltr'>ΙΙ</span> 
     </span>
    </p>

    <p class='ocr_par' dir='ltr' id='par_1_5' title="bbox 272 2578 1775 2644">
     <span class='ocr_line' id='line_1_33' title="bbox 272 2578 1775 2644; baseline -0.003 -12"><span class='ocrx_word' id='word_1_220' title='bbox 272 2580 403 2633; x_wconf 91' lang='lat' dir='ltr'>Pars</span> <span class='ocrx_word' id='word_1_221' title='bbox 442 2581 623 2632; x_wconf 85' lang='lat' dir='ltr'>altera.</span> <span class='ocrx_word' id='word_1_222' title='bbox 686 2579 987 2632; x_wconf 87' lang='lat' dir='ltr'>Habuimus</span> <span class='ocrx_word' id='word_1_223' title='bbox 1027 2597 1214 2632; x_wconf 91' lang='lat' dir='ltr'>aurum</span> <span class='ocrx_word' id='word_1_224' title='bbox 1255 2579 1384 2631; x_wconf 90' lang='lat' dir='ltr'>olim</span> <span class='ocrx_word' id='word_1_225' title='bbox 1423 2595 1645 2644; x_wconf 82' lang='lat' dir='ltr'>sacrum,</span> <span class='ocrx_word' id='word_1_226' title='bbox 1685 2578 1775 2628; x_wconf 90' lang='lat' dir='ltr'>ha-</span> 
     </span>
    </p>
   </div>
   <div class='ocr_carea' id='block_1_5' title="bbox 161 2788 1773 2902">
    <p class='ocr_par' dir='ltr' id='par_1_6' title="bbox 161 2788 1773 2902">
     <span class='ocr_line' id='line_1_34' title="bbox 278 2788 1773 2846; baseline -0.005 -11"><span class='ocrx_word' id='word_1_227' title='bbox 278 2796 304 2835; x_wconf 87' lang='lat'>5</span> <span class='ocrx_word' id='word_1_228' title='bbox 335 2793 487 2833; x_wconf 86' lang='lat' dir='ltr'>fidiam</span> <span class='ocrx_word' id='word_1_229' title='bbox 519 2795 563 2831; x_wconf 99' lang='lat' dir='ltr'>M</span> <span class='ocrx_word' id='word_1_230' title='bbox 605 2791 621 2846; x_wconf 79' lang='grc' dir='ltr'>ΙΙ</span> <span class='ocrx_word' id='word_1_231' title='bbox 654 2795 705 2833; x_wconf 89' lang='grc'>10</span> <span class='ocrx_word' id='word_1_232' title='bbox 737 2791 800 2833; x_wconf 78' lang='grc' dir='ltr'>Οὐ</span> <span class='ocrx_word' id='word_1_233' title='bbox 834 2795 878 2831; x_wconf 93' lang='lat' dir='ltr'>M</span> <span class='ocrx_word' id='word_1_234' title='bbox 915 2791 930 2845; x_wconf 82' lang='grc' dir='ltr'>ΙΙ</span> <span class='ocrx_word' id='word_1_235' title='bbox 974 2794 1021 2832; x_wconf 84' lang='grc'>11</span> <span class='ocrx_word' id='word_1_236' title='bbox 1056 2804 1294 2845; x_wconf 86' lang='lat' dir='ltr'>possumus</span> <span class='ocrx_word' id='word_1_237' title='bbox 1325 2791 1344 2830; x_wconf 71' lang='lat' dir='ltr'>P</span> <span class='ocrx_word' id='word_1_238' title='bbox 1385 2788 1401 2843; x_wconf 80' lang='grc' dir='ltr'>ΙΙ</span> <span class='ocrx_word' id='word_1_239' title='bbox 1444 2791 1494 2831; x_wconf 92' lang='grc'>18</span> <span class='ocrx_word' id='word_1_240' title='bbox 1526 2789 1681 2829; x_wconf 85' lang='lat' dir='ltr'>fidiam</span> <span class='ocrx_word' id='word_1_241' title='bbox 1712 2788 1773 2828; x_wconf 81' lang='lat' dir='ltr'>bis</span> 
     </span>
     <span class='ocr_line' id='line_1_35' title="bbox 161 2847 1108 2902; baseline -0.001 -14"><span class='ocrx_word' id='word_1_242' title='bbox 161 2852 205 2888; x_wconf 89' lang='lat' dir='ltr'>M</span> <span class='ocrx_word' id='word_1_243' title='bbox 233 2848 248 2902; x_wconf 72' lang='lat' dir='ltr'>n</span> <span class='ocrx_word' id='word_1_244' title='bbox 279 2853 329 2890; x_wconf 79' lang='lat'>21</span> <span class='ocrx_word' id='word_1_245' title='bbox 364 2862 448 2891; x_wconf 85' lang='lat' dir='ltr'>nec</span> <span class='ocrx_word' id='word_1_246' title='bbox 479 2851 548 2888; x_wconf 84' lang='lat' dir='ltr'>Mb</span> <span class='ocrx_word' id='word_1_247' title='bbox 571 2847 587 2901; x_wconf 83' lang='grc' dir='ltr'>ΙΙ</span> <span class='ocrx_word' id='word_1_248' title='bbox 609 2850 661 2889; x_wconf 75' lang='lat'>‘28</span> <span class='ocrx_word' id='word_1_249' title='bbox 694 2848 1002 2889; x_wconf 84' lang='lat' dir='ltr'>Athenienses</span> <span class='ocrx_word' id='word_1_250' title='bbox 1034 2850 1108 2886; x_wconf 85' lang='lat' dir='ltr'>Ma</span> 
     </span>
    </p>
   </div>
  </div>
 </body>
</html>
