1898 3054
100 110 204 149 XIV
729 96 1089 140 PRAEFATm.

98 237 140 277 p.
163 225 325 275 213,23
355 224 408 265 L.
446 223 635 264 Vinicius
662 230 804 276 pater,
834 222 1100 277 Nipperdey
1132 224 1189 265 ad
1219 223 1366 268 Tacit.
1398 225 1512 266 Ann.
1543 225 1611 266 ΙΙΙ
1645 227 1710 272 11.

98 307 143 347 p.
168 295 329 344 228,23
360 296 474 334 nulla
502 293 698 334 Bursian
729 306 906 347 quoque
937 294 1122 347 scripsit

100 376 146 417 p.
167 365 264 415 245,
277 365 331 404 26
364 363 677 416 supplementa
706 363 923 404 Bursiani
953 368 1072 405 sunt.

101 446 142 486 p.
168 435 266 485 259,
279 435 332 475 25
362 433 462 486 lege
492 436 662 488 alioqui.

98 517 141 556 p.
163 505 260 553 312,
271 504 299 544 4
329 516 409 544 an.
443 505 503 545 ad
525 506 671 556 patris
700 505 988 545 narrationem
1019 506 1239 557 eleyanter
1269 507 1469 545 transiit?

98 586 141 626 p.
164 573 262 624 315,
274 574 300 614 8
332 585 412 616 an:
446 587 565 627 quom
593 575 714 615 uiuos
743 576 940 627 negarit?

82 655 141 695 *p.
165 645 263 694 333,
275 644 330 683 26
361 656 449 683 cum
479 645 659 684 insidias
687 649 942 685 uererentur
972 642 1141 684 Sander
1170 644 1200 687 l.
1233 644 1262 687 l.
1294 658 1335 698 p.
1369 647 1437 685 22.

96 726 139 767 p.
163 714 324 764 350‚17
358 713 564 754 codicum
596 714 826 767 scriptura
855 714 1031 755 AccAvs
1061 715 1348 756 restituenda
1377 719 1487 755 erat.

97 797 140 837 p.
163 785 332 833 391,14
360 785 502 836 itaque
533 789 578 823 ut
608 796 667 824 ex
695 784 889 825 umbroso
922 783 1096 825 Sander
1125 783 1155 826 1.
1186 784 1216 827 l.
1246 798 1290 838 p.
1321 786 1389 826 27.

54 887 55 890 ,
97 865 142 906 p.
164 854 326 904 394,26
357 866 438 893 an:
469 854 602 906 siquis
632 887 643 898 .
667 887 677 897 .
699 883 710 893 .
740 855 982 896 misericors
1012 861 1089 905 est,
1119 868 1228 895 nunc
1259 856 1519 896 occasionem
1547 857 1709 897 miseri-

352 925 529 964 cordiae
559 926 748 965 inuenit?

42 1031 44 1034 ,
101 1007 147 1047 p.
165 981 334 1046 4'02‚28
363 991 423 1034 an
451 1000 635 1035 scortum
665 995 844 1045 auidum,
875 996 969 1035 set?

98 1077 144 1118 p.
165 1066 302 1116 413‚7
331 1064 480 1116 yrauis
509 1065 698 1105 indicina
728 1070 793 1106 est
820 1064 882 1106 M.
912 1065 1071 1118 Haupt
1100 1064 1251 1105 Herm.
1283 1064 1353 1105 111
1383 1077 1424 1118 p.
1457 1067 1556 1107 344.

95 1148 140 1193 p.
160 1135 327 1186 463,15
357 1146 438 1174 an:
470 1147 497 1174 a
530 1134 721 1176 Gallione
751 1137 930 1176 nostro?

212 1205 265 1245 In
303 1204 451 1245 indice
490 1203 832 1256 significandum
866 1208 962 1245 erat
1007 1203 1261 1245 Clodium
1311 1204 1568 1246 Sabinum
1618 1218 1706 1248 101·-

95 1279 220 1316 tasse
260 1275 453 1315 eundem
490 1286 589 1315 esse
627 1277 764 1328 atque
805 1273 919 1315 Sex.
950 1274 1030 1315 ille
1062 1273 1320 1327 Clodius,
1358 1276 1574 1328 magister
1614 1276 1705 1318 An-

95 1344 227 1396 tonii,
263 1343 409 1386 salsus
439 1343 572 1386 homo
607 1343 714 1396 (Cic.
748 1346 858 1386 Plzil.
889 1344 935 1385 11
969 1347 1034 1396 17,
1043 1347 1113 1385 42.
1125 1344 1199 1397 43)
1239 1348 1285 1386 et
1316 1345 1538 1387 ‘Latinae
1572 1347 1707 1389 simul

95 1415 384 1468 Graecaeque
414 1413 700 1469 eloquentiae
731 1413 976 1468 professor’
1012 1413 1149 1468 (Suet.
1172 1417 1225 1456 de
1245 1416 1353 1459 rhet.
1385 1416 1429 1468 5)
1459 1417 1586 1458 cuius
1607 1418 1707 1459 uita

93 1488 218 1526 extat
237 1484 358 1538 apud
379 1484 657 1527 Suetonium.
703 1486 905 1539 Itemque
927 1484 1176 1526 addendum
1196 1485 1302 1526 Dio
1315 1485 1418 1527 elis
1440 1486 1475 1527 C
1489 1499 1617 1538 arys
1630 1492 1648 1528 t
1663 1488 1708 1527 ii

91 1555 369 1609 epigramma
406 1555 498 1608 legi
534 1556 582 1596 in
618 1555 753 1598 Anth.
800 1555 947 1596 Palat.
979 1555 1067 1596 V11
1105 1557 1188 1596 393
1218 1559 1264 1596 et
1300 1554 1706 1608 Argentarium

93 1625 316 1666 rhetorem
361 1624 580 1666 Graecum
624 1638 761 1678 posse
807 1638 906 1667 esse
955 1625 1157 1665 Marcum
1199 1624 1520 1678 Argentarium
1573 1627 1705 1668 cuius

95 1696 423 1751 epigrammata
452 1694 594 1736 multa
622 1695 671 1736 in
700 1694 1021 1748 Anthologiam
1051 1698 1232 1747 recepta
1262 1699 1383 1737 sunt.

206 1767 262 1807 In
281 1766 579 1807 adnotatione
599 1765 712 1806 haec
732 1765 935 1806 addenda
954 1765 1151 1819 repperi:
1174 1778 1216 1818 p.
1241 1766 1282 1817 8,
1294 1768 1348 1807 20
1378 1764 1704 1810 ΛΠΟΕΠΛΤΕ

93 1837 126 1876 B
165 1849 208 1890 p.
244 1837 373 1888 11,15
411 1833 854 1878 ΜΑΚΕΔΟΜΕΓΑΡ
894 1837 926 1875 Β
973 1850 1012 1890 p.
1050 1836 1184 1889 13,25
1229 1835 1473 1877 inmutauit
1515 1838 1548 1876 B
1593 1851 1703 1878 man.

91 1908 310 1948 recentior·
360 1920 403 1960 p.
451 1907 595 1959 14,17ὂ
637 1905 822 1958 marylli
866 1910 895 1947 0
942 1921 984 1961 p.
1025 1907 1160 1958 21,26
1211 1918 1263 1946 eo
1300 1907 1333 1946 B
1397 1920 1440 1960 p.
1482 1909 1587 1960 22,7
1622 1911 1705 1948 aut

91 1989 212 2018 nunc
240 1978 279 2016 A
308 1990 353 2030 p.
394 1978 501 2028 25‚4
538 1976 706 2017 marilli
737 1977 767 2016 0
797 1991 840 2030 p.
872 1980 1006 2029 39,29
1043 1977 1178 2019 uellit
1218 1979 1250 2017 Β
1273 1991 1316 2030 p.
1345 1978 1479 2030 43,16
1518 1978 1611 2019 sint
1655 1990 1703 2030 p.

94 2049 127 2086 'l'
158 2060 200 2100 p.
233 2048 366 2098 70,19
404 2045 487 2087 alii
522 2047 698 2099 Haase,
740 2047 918 2101 Madvig]
955 2061 999 2101 p,
1042 2049 1176 2099 123,3
1213 2046 1440 2088 Marinio
1468 2061 1510 2101 p.
1539 2046 1705 2100 409‚14

93 2117 317 2171 quondam
348 2119 395 2158 Τ.
