1936 3100
203 107 310 159 384
411 154 431 174 θ
728 108 955 150 ΑΝΝΑΕΙ
977 109 1256 152 SENECAE
1589 127 1632 167 p.
1649 116 1732 156 427
1753 115 1807 156 Β.

538 287 1242 357 <ooNrssoVERslA
1278 261 1480 369 1111.)

743 403 1052 446 HOMICIDA
1081 406 1149 448 IN
1181 406 1267 448 SE.

195 512 482 566 Homicida
526 514 825 582 insepultus
881 516 1154 568 abiciatur.
1232 516 1459 578 Quidam
1497 537 1551 571 se
1591 520 1806 589 occidit3

339 584 541 652 petitur
578 588 640 636 ut
676 585 976 653 insepultus
1015 587 1290 641 abiciatur.
1368 589 1760 642 contradicitur.

303 681 531 734 Adferre
580 683 680 735 sibi
729 687 943 736 coactus
993 688 1072 736 est
1124 703 1314 738 manus
1364 687 1586 740 assiduis
1634 689 1805 741 malis,
1833 706 1852 738 5

199 750 473 804 Summam
511 753 890 806 infelicitatum
928 773 1142 807 suarum
1169 756 1226 808 in
1251 756 1355 809 hoc
1392 758 1639 826 remouit,
1667 759 1810 827 quod

198 822 536 875 existimabat
581 824 741 877 licere
799 825 993 877 misero
1042 826 1195 878 mori.
1270 826 1640 880 Infelicissime
1688 829 1810 881 ado-

197 892 425 961 lescem,
485 912 604 946 cum
660 898 714 947 te
769 895 1045 963 prohiberi
1103 897 1263 948 etiam
1311 898 1586 966 sepultura
1634 898 1807 967 uideo,

196 963 380 1015 mirari
428 964 611 1016 desino
662 966 806 1033 quod
851 967 1054 1033 peristi.
1132 966 1287 1020 Tales
1334 969 1581 1021 inimicos
1627 969 1807 1038 habeS‚

196 1036 258 1085 ut
295 1033 456 1085 etiam
493 1038 767 1087 mortuum
804 1039 1207 1104 persequantur.
1282 1037 1515 1090 Facilius
1554 1039 1806 1092 miserum
1831 1058 1871 1088 10

197 1121 357 1171 quam
394 1104 709 1158 sceleratum
745 1106 965 1158 fortuna
1002 1107 1187 1159 uincit.
1241 1106 1529 1176 Sumpsisti
1567 1109 1669 1162 hoc
1706 1110 1807 1162 fer-

196 1192 331 1241 rum,
373 1173 531 1241 Cato,
572 1178 625 1227 et
662 1194 822 1243 quam
859 1176 1202 1245 inuidiosum,
1243 1179 1386 1245 quod
1426 1177 1684 1231 Catonem
1725 1198 1807 1232 oc-

199 1243 425 1296 cideris?
466 1243 632 1313 Curti,
671 1245 977 1314 perdideras
1016 1247 1361 1316 sepulturam,
1399 1249 1504 1300 nisi
1541 1250 1599 1301 in
1636 1254 1807 1303 morte

196 1314 497 1382 reperisses.
574 1314 711 1376 Quid
762 1320 841 1369 est
887 1317 944 1368 in
991 1317 1104 1368 uita
1158 1319 1401 1370 miserius
1459 1337 1618 1387 quam
1672 1326 1809 1373 mori

197 1384 380 1437 uelle?
419 1385 548 1453 quid
572 1386 630 1437 in
667 1391 840 1439 morte
870 1405 1030 1456 quam
1067 1405 1179 1439 non
1205 1406 1360 1456 posse
1388 1389 1599 1457 sepeliri
1611 1392 1639 1441 ⁴?
1679 1389 1807 1452 Quis
1835 1408 1871 1439 15

197 1455 422 1506 miretur
461 1474 581 1508 eum
619 1458 758 1510 mori
795 1458 1046 1526 uoluisse,
1075 1476 1234 1526 quem
1266 1458 1563 1528 fugientem
1594 1479 1808 1530 quoque

197 1524 418 1577 fortuna
466 1528 845 1596 persequitur?
920 1527 1184 1580 Omnibus
1232 1533 1426 1582 natura
1472 1531 1805 1598 sepulturam

198 1595 364 1647 dedit:
405 1597 698 1667 naufragos
736 1598 877 1650 idem
914 1599 1107 1651 fluctus
1146 1600 1238 1667 qui
1278 1600 1482 1668 expulit
1518 1602 1806 1670 <sepelit>3

195 1665 511 1719 suffixorum
581 1685 808 1737 corpora
860 1669 1104 1721 crucibus
1159 1671 1216 1721 in
1273 1671 1601 1738 sepulturam
1658 1690 1808 1724 suam

198 1736 465 1805 defluunt3
508 1756 598 1790 eos
637 1740 726 1807 qui
767 1740 882 1791 uiui
919 1743 1164 1808 uruntur,
1202 1759 1379 1808 poena
1414 1740 1644 1794 funerat.
1699 1742 1807 1794 Ira·
1830 1761 1871 1792 20

196 1825 339 1859 scere
378 1808 726 1878 interfectori,
766 1810 858 1862 sed
883 1811 1132 1862 miserere
1170 1811 1456 1863 interfecti.
1507 1810 1807 1880 Homicida,

195 1877 407 1946 inquid,
449 1882 553 1947 est,
604 1881 729 1948 quia
775 1899 830 1932 se
888 1881 1096 1933 occidit.
1171 1880 1314 1934 Huic
1370 1882 1653 1934 irasceris?
1707 1901 1805 1951 pro

198 1966 303 2016 quo
353 1948 635 2002 irasceris?
696 1951 824 2004 Non
872 1951 1018 2003 aliud
1055 1950 1344 2004 Scaeuolae
1382 1952 1564 2005 Mucio
1611 1970 1807 2022 cogno—

195 2036 320 2070 men
359 2018 504 2072 dedit
541 2024 596 2072 et
633 2026 788 2090 capto
829 2025 1018 2075 contra
1054 2021 1387 2075 Porsennam
1424 2040 1605 2092 regem
1651 2023 1806 2075 liber-

161 2087 165 2090 ’
195 2091 362 2141 tatem
399 2091 643 2160 reliquid,
683 2111 843 2160 quam
881 2093 1062 2145 uilitas
1101 2093 1198 2145 sui.
1260 2111 1372 2145 non
1403 2092 1548 2144 aliud
1572 2091 1805 2145 Codrum
1828 2110 1869 2142 25

195 2159 329 2210 illud
385 2161 574 2213 ceteris
622 2163 1034 2231 imperatoribus
1091 2163 1394 2230 exemplum
1444 2162 1588 2213 dedit
1646 2181 1805 2231 quam

197 2230 341 2297 quod
387 2232 577 2299 positis
625 2233 961 2300 imperatoris
1009 2232 1313 2301 insignibus
1351 2231 1417 2283 acl
1453 2235 1680 2284 mortem
1719 2252 1805 2285 cu-

197 2298 400 2370 curssrit,
449 2319 549 2352 nec
586 2302 698 2354 ullo
737 2303 908 2354 maior
946 2307 1051 2353 dux
1096 2302 1201 2354 fuit
1239 2320 1398 2371 quam
1437 2303 1580 2371 quod
1617 2321 1671 2355 se
1710 2303 1800 2356 du-

199 2387 312 2422 cem
348 2389 461 2423 non
499 2389 610 2423 esse
648 2373 905 2424 mentitus
945 2374 1038 2427 est.
1094 2371 1223 2425 Non
1259 2373 1472 2441 postulo
1511 2375 1572 2425 ut
1608 2374 1806 2443 glorio-

307 2544 331 2583 3
363 2542 612 2583 Homicida
642 2544 692 2583 in
723 2556 772 2584 se
803 2543 1063 2610 insepultus
1095 2545 1166 2583 Mb
1204 2542 1219 2597 ΙΙ
1260 2543 1484 2584 abitiatur
1514 2544 1558 2581 M
1595 2541 1610 2595 ΙΙ
1646 2544 1673 2582 4
1705 2543 1804 2584 abi-

195 2641 339 2680 tiatur
368 2642 414 2679 M
454 2640 469 2694 u
520 2640 584 2682 CO
616 2643 661 2680 M
701 2640 716 2695 ΙΙ
766 2644 791 2683 8
822 2615 1065 2702 prohiberd
1094 2644 1138 2680 M
1160 2639 1174 2694 ΙΙ
1217 2641 1454 2694 sepultura
1484 2655 1560 2685 om,
1592 2644 1665 2681 Ma
1694 2641 1709 2695 ss
1753 2645 1804 2683 10

195 2701 503 2781 meltuulngstra
527 2738 703 2789 (uestra
725 2740 827 2792 del.)
851 2742 896 2779 M
916 2738 934 2795 Η
958 2743 1009 2782 16
1031 2740 1266 2793 figientem
1287 2741 1361 2779 Ma
1382 2737 1397 2792 ΙΙ
1421 2752 1599 2792 quoquo
1621 2739 1771 2781 Schott
1791 2741 1802 2794 j}

197 2796 247 2835 17
280 2797 510 2850 sepultum
533 2795 605 2834 Ma
627 2794 642 2848 ΙΙ
669 2798 718 2837 18
751 2798 921 2850 sepelit
942 2811 1020 2842 om,
1038 2799 1082 2835 M
1104 2795 1118 2849 ΙΙ
1144 2798 1194 2837 19
1217 2795 1474 2838 suffisorum
1497 2798 1570 2834 Ma
1591 2794 1606 2850 ss
1629 2799 1681 2839 23
1705 2800 1802 2839 Mu-

198 2851 258 2893 ῒίο
288 2856 334 2893 M
355 2853 371 2907 ΙΙ
394 2856 447 2894 24
477 2852 627 2905 legem
657 2855 703 2890 M
831 2852 834 2855 ’
