1936 3100
232 137 345 189 420.
756 138 985 181 ANNAEI
1018 139 1293 181 SENECAE
1636 143 1774 195 p.268
1796 143 1847 183 Β.

232 279 328 330 per
366 280 496 329 quas
535 262 642 314 iam
679 261 817 313 nihil
856 280 1070 315 necesse
1110 265 1213 316 est!
1287 264 1495 317 Occidit
1530 267 1847 333 tyrannum:

234 332 311 384 sic
356 331 515 384 huius
563 332 729 384 iratae
767 349 957 385 manu-s
1003 332 1221 386 feriunt.
1298 333 1433 387 Cum
1471 335 1735 388 occideret
1770 339 1850 403 ty-

233 420 464 454 rannum
502 402 702 454 aiebat:
743 402 930 454 ‘frater
966 406 1019 455 te
1058 404 1200 471 ferit,
1239 408 1392 472 pater
1427 405 1588 458 ferit'.
1663 405 1739 457 sic
1774 406 1849 457 fe-

233 473 382 524 riunt
419 473 511 540 qui
549 472 755 524 uolunt.
808 471 1023 541 Tecum,
1061 474 1139 525 fili
1164 474 1590 528 inconsideratae
1616 476 1849 543 pietatiS,

236 560 454 610 queror:
494 542 722 594 ualidius
760 546 968 610 patrem
1005 544 1242 597 cecidisti
1284 563 1443 613 quam
1480 546 1635 597 iussit
1671 549 1850 614 tyran·
1874 564 1894 597 5

235 632 353 665 nus
426 612 600 664 Iratus
657 613 854 664 iacenti
910 619 1051 681 ipsas
1100 614 1371 668 cadaueris
1427 634 1615 668 manus
1662 616 1719 667 in
1758 619 1850 667 'me

175 690 205 736 3
235 683 450 752 ingessi.
524 682 710 735 FVLVI
760 682 983 736 SPARSI.
1048 684 1202 737 Tales
1258 686 1480 738 fuerunt
1535 704 1599 738 ex
1659 686 1851 754 quibus

236 756 418 820 posset
465 753 599 804 alter
644 757 934 821 tyrannum
996 758 1364 823 contemnere,
1414 756 1549 807 alter
1597 756 1849 808 occidere.

234 823 363 875 IVLI
402 821 594 876 BASSI.
659 823 984 891 Conpressas
1022 825 1100 876 fili
1139 844 1328 878 manus
1367 826 1424 877 in
1463 844 1520 878 os
1558 844 1735 878 meum
1773 827 1851 877 in·
1904 855 1907 857 Δ

236 894 376 962 pegi,
416 893 723 946 caedentem
762 894 1068 947 consolatus
1106 914 1240 947 sum.
1317 896 1500 948 PORCI
1536 895 1846 948 LATRONIS.
1876 913 1915 946 ιο

238 963 430 1016 ‘Caede
442 1005 456 1030 ,
496 964 697 1031 inquit,
736 967 992 1032 patrem':
1049 965 1175 1017 dum
1222 984 1322 1035 ego
1379 966 1672 1035 neglegens
1735 985 1852 1018 sum

239 1034 523 1101 occupauit
559 1034 984 1102 (praecipitare)
1022 1053 1076 1086 se
1116 1054 1179 1087 ex
1217 1054 1336 1088 arce
1374 1036 1532 1088 filius.
1601 1036 1704 1088 hoc
1740 1054 1853 1088 non
1903 1082 1913 1106 ,ἶ

239 1107 319 1156 est
354 1104 496 1171 patri
534 1121 749 1172 parcere
799 1105 888 1156 sed
927 1105 1043 1157 sibi.
1107 1105 1278 1171 Dura,
1318 1106 1420 1173 fili3
1460 1106 1526 1158 ad
1562 1109 1852 1174 tyrannum
1899 1123 1921 1177 ᾗ

237 1174 338 1226 tibi
387 1192 483 1241 per
532 1177 739 1241 patrem
795 1174 1027 1226 eundum
1076 1179 1170 1228 est.
1246 1176 1456 1228 Tenent
1502 1194 1621 1228 ecce
1669 1194 1853 1228 cruen-

179 1236 212 1282 4
240 1247 356 1295 tum
392 1244 613 1311 tyranni
651 1247 834 1312 caput3
884 1262 1028 1296 nunc
1065 1246 1184 1297 illas
1221 1246 1524 1314 praecidite.
1601 1246 1915 1312 BLANDI.1{

239 1313 316 1366 Vt
360 1313 473 1365 uidi
518 1314 910 1382 tyrannicidam
960 1333 1023 1366 ex
1069 1333 1187 1367 arce
1235 1316 1667 1384 descendentem,
1715 1317 1853 1367 nihil

239 1384 387 1452 prius
426 1402 586 1452 quam
623 1403 812 1435 manus
840 1385 1108 1436 osculatus
1146 1404 1281 1437 sum.
1340 1386 1570 1438 POMPEI
1598 1385 1851 1439 SILONIS.

241 1454 438 1507 Vtrum
478 1473 541 1506 ex
578 1454 702 1506 filiis
728 1455 859 1506 meis
896 1455 1177 1522 probatis?
1215 1457 1350 1508 alter
1388 1475 1443 1508 se
1471 1456 1679 1524 occidit,
1719 1457 1854 1508 alter
1913 1453 1936 1520 *ζ

239 1528 545 1593 tyrannum.
620 1524 794 1577 Nemo
842 1525 924 1576 ius
974 1525 1138 1578 habet
1175 1526 1232 1578 in
1270 1527 1398 1579 istas
1437 1545 1628 1578 manus
1639 1568 1652 1594 ,
1703 1545 1851 1579 meae

242 1599 394 1662 sunt3
445 1598 575 1647 istae
614 1595 775 1647 etiam
814 1613 935 1648 cum
983 1599 1214 1663 tyranno
1265 1597 1528 1648 seruirent
1575 1597 1710 1648 mihi
1756 1615 1847 1665 pa·
1875 1612 1914 1644 20

239 1669 478 1718 ruerunt.
530 1665 614 1717 Ita
637 1666 770 1716 mihi
797 1667 1080 1733 superstite
1112 1667 1223 1719 filio
1262 1667 1400 1719 mori
1438 1667 1610 1735 liceat,
1651 1670 1710 1719 ut
1748 1684 1847 1736 ego

241 1736 395 1788 illum
433 1736 525 1805 qui
573 1735 709 1787 mori
758 1736 949 1788 maluit
985 1737 1303 1804 parricidam
1340 1741 1546 1789 uocaui.
1621 1739 1848 1788 ARELLI

241 1805 418 1859 FVSCI
456 1806 637 1874 patris
688 1805 843 1875 Rogo
872 1825 968 1859 uos
994 1808 1160 1875 <per>
1187 1808 1525 1860 securitatem
1563 1807 1848 1875 publicam,

241 1894 338 1945 per
374 1877 534 1928 modo
561 1876 840 1928 restitutae
865 1876 1128 1929 libertatis
1156 1877 1431 1945 laetitiam,
1470 1896 1566 1946 per
1591 1878 1847 1947 coniuges

241 1947 543 2015 liberosque
581 1950 807 1999 uestros,
863 1965 1021 1999 nemo
1060 1951 1171 1999 tam
1211 1948 1521 2016 suppliciter
1559 1947 1726 2000 audiit
1765 1965 1848 1999 me
1874 1962 1914 2008 25

240 2020 524 2086 rogantem
581 2034 702 2069 cum
759 2017 1084 2085 uapularem.
1167 2016 1337 2079 Quam
1395 2018 1679 2087 languidae
1738 2035 1852 2069 cae-

242 2087 413 2139 dentis
450 2105 640 2139 manus
680 2089 856 2139 erant!
909 2106 1022 2140 non
1058 2091 1303 2156 putarem
1340 2088 1492 2139 illum
1530 2089 1547 2156 11
1577 2105 1730 2155 posse
1768 2091 1850 2155 ty-

240 2157 600 2211 rannicidium
656 2157 848 2210 facere.
923 2157 1065 2210 Istae
1111 2158 1243 2209 mihi
1291 2158 1548 2210 salutares
1605 2175 1852 2225 porrexe-

355 2315 379 2352 2
412 2314 452 2352 si
485 2313 613 2352 cuius
645 2310 760 2364 0113
792 2316 837 2352 te
869 2314 985 2353 fecit
1016 2315 1044 2351 G
1075 2318 1121 2353 te
1152 2313 1372 2353 interficit
1406 2316 1453 2363 Τ,
1484 2327 1599 2357 corr.
1632 2313 1762 2354 Burs.
1787 2311 1850 2365 115

241 2368 506 2421 languidius
537 2369 690 2409 Haase
720 2367 735 2421 ΙΙ
774 2369 986 2409 occidisti
1016 2371 1044 2407 C
1075 2367 1089 2421 Η
1126 2370 1238 2410 iusit
1267 2370 1300 2409 B
1337 2368 1352 2422 ΙΙ
1389 2372 1499 2411 6—-8
1530 2371 1690 2410 iacent
1719 2371 1846 2423 ipsas

243 2424 485 2465 cadaueris
517 2437 679 2464 manus
709 2437 870 2464 manus
900 2425 1020 2465 alter
1051 2426 1262 2466 occidere
1293 2427 1326 2465 Β
1365 2429 1442 2466 rel.
1475 2428 1637 2468 omissis
1666 2424 1681 2478 ΙΙ
1713 2426 1854 2467 cada-
1935 2449 1936 2457 κ

241 2493 380 2521 ueras
409 2478 666 2533 Annianus
696 2482 816 2521 man'
846 2482 956 2521 A'ra
985 2479 1048 2533 117
1079 2482 1275 2534 ingressi
1305 2483 1386 2521 AT
1416 2480 1431 2534 ΙΙ
1453 2484 1478 2523 9
1512 2482 1853 2534 conprehensas
1935 2494 1936 2519 ι

244 2537 376 2579 Gron.
398 2535 414 2588 ΙΙ
439 2539 490 2591 10
521 2537 778 2576 credentem
807 2538 836 2575 G
856 2534 874 2590 ΙΙ
898 2539 948 2577 12
981 2539 1286 2591 praecipitare
1308 2540 1408 2579 add.
1433 2538 1564 2578 Burs.
1587 2536 1603 2590 ΙΙ
1629 2539 1679 2578 14
1709 2550 1854 2579 meum

242 2592 349 2632 dum
379 2594 407 2631 G
446 2592 590 2633 Verba
617 2593 796 2633 Tenent
820 2626 829 2635 .
848 2627 858 2637 .
878 2626 888 2637 .
908 2594 1166 2646 praecidite
1198 2595 1329 2635 Burs.
1370 2595 1568 2646 ponenda
1598 2595 1796 2634 uidentur
1826 2596 1852 2633 l.

245 2650 297 2689 17
327 2653 428 2699 post
457 2661 555 2688 sum
596 2646 611 2700 ΙΙ
655 2653 887 2689 cruentum
919 2663 994 2690 om.
1027 2653 1089 2690 Ta
1129 2648 1145 2701 ΙΙ
1185 2652 1236 2691 15
1267 2652 1467 2702 tyranni]
1500 2652 1532 2689 Τ
1572 2648 1587 2702 ΙΙ
1627 2650 1852 2702 precipite
1916 2666 1920 2674 -·

243 2705 276 2744 B
318 2702 334 2756 ΙΙ
377 2705 429 2745 16
460 2703 578 2744 uidit
609 2706 637 2743 C
672 2702 690 2758 Η
726 2705 1098 2747 descendendum
1129 2706 1236 2746 BTa
1274 2706 1503 2748 descendfi
1533 2707 1569 2744 A
1613 2703 1628 2758 ΙΙ
1667 2707 1718 2746 19
1749 2718 1851 2745 mae
1910 2676 1925 2730 i

243 2761 273 2800 G
303 2758 319 2812 ΙΙ
349 2762 403 2801 22
434 2760 624 2801 uocauit
655 2762 683 2799 C
712 2759 728 2813 ΙΙ
765 2764 818 2802 23
847 2764 969 2814 prius
1001 2775 1082 2814 per
1112 2775 1188 2803 om.
1222 2763 1250 2800 G
1285 2760 1300 2813 ΙΙ
1331 2764 1386 2802 24
1415 2763 1636 2802 restituet
1668 2763 1695 2801 G
1732 2760 1747 2813 ΙΙ
1780 2775 1852 2802 co·
1904 2761 1915 2800 ἐ

243 2817 398 2857 niuies
427 2814 578 2869 111125
611 2817 769 2858 audite
800 2831 869 2858 me
902 2819 931 2856 C
970 2815 986 2870 ss
1028 2819 1081 2858 26
1114 2817 1334 2872 languido
1364 2819 1401 2858 A
1441 2816 1457 2870 ss
1497 2820 1550 2859 27
1582 2822 1796 2870 putarent
1825 2818 1853 2856 0
1910 2814 1912 2818 ’

235 2876 433 2924 ,Ρηῐατεε
464 2875 511 2924 Τ,
544 2886 659 2914 corr.
692 2873 821 2914 Burs.
845 2871 861 2926 ΙΙ
883 2873 1010 2915 illam
1039 2875 1072 2914 B
1103 2874 1210 2915 illas
1243 2877 1275 2915 Τ
1297 2872 1312 2926 ΙΙ
1335 2877 1493 2927 posset
1523 2876 1586 2913 Ta
