1936 3100
170 122 274 174 378
332 181 340 183 .
691 120 920 163 ANNAEI
950 117 1222 164 SENECAE
1564 137 1606 177 p.
1619 125 1703 166 420
1723 126 1778 166 B.

170 248 306 299 tinet
353 263 573 298 moram.
638 262 765 315 ergo
815 246 860 298 si
896 245 1155 298 redimere
1199 264 1313 298 non
1350 249 1502 314 potes
1531 248 1548 317 ΙΙ
1576 247 1778 316 1111111111,

171 316 350 369 saltim
395 319 667 368 mortuum
716 316 931 369 redime.
993 334 1287 384 numquam
1337 320 1447 369 tam
1485 318 1647 370 durus
1684 319 1779 371 ho-

171 388 266 439 stis
304 387 432 455 fuit,
471 390 532 439 ut
567 387 805 454 paternis
842 387 1075 439 lacrimis
1112 404 1226 439 non
1262 387 1578 441 flecteretur.
1656 388 1780 442 ‘Ca-

171 460 292 510 uete
327 457 735 526 proditionem'3
774 457 829 508 id
867 461 962 525 est,
1000 475 1068 509 110
1096 457 1214 525 quis
1253 457 1433 510 insciis
1472 459 1779 511 custodibus

171 531 352 596 exeat,
400 546 467 579 ne
507 527 624 595 quis
662 527 949 596 ignorante
997 528 1270 596 republica
1307 528 1371 580 ad
1418 528 1627 582 hostem
1663 547 1780 598 per·
1803 545 1823 577 5

170 598 376 666 ueniat,
424 616 493 650 ne
541 597 658 666 quis
698 616 761 650 ex
808 597 1046 650 hostium
1084 598 1270 651 castris
1316 599 1496 668 grauis
1534 618 1663 652 auro
1703 618 1781 652 re-

169 671 423 722 uertatur.
499 667 705 720 Indicio
762 668 900 720 nihil
948 669 1120 721 deest:
1169 668 1232 720 de
1280 669 1586 737 proditione
1625 671 1780 723 uobis

170 739 298 791 dicit
335 739 651 807 imperator,
691 738 754 790 de
791 738 1066 806 proditore
1104 738 1283 809 legati.
1360 738 1582 792 Sublata
1620 758 1779 808 quae-

169 809 272 862 stio
332 812 426 861 est.
503 809 757 877 quaeritis
814 827 973 877 quem
1030 809 1203 862 dixit?
1269 809 1446 862 uidete
1505 811 1591 862 cui
1642 811 1780 863 nihil

111 880 115 884 ⁴
168 880 374 932 dixerit.
1804 898 1844 928 ιο

272 950 404 1003 Pars
443 950 626 1003 altera.
700 950 766 1002 In
804 949 1034 1002 comitiis
1072 950 1184 1002 filio
1222 967 1341 1003 meo
1381 950 1528 1003 cessi.
1586 949 1779 1003 Decre-

166 1023 281 1072 tum
318 1038 432 1073 non
471 1021 763 1088 expectaui,
804 1020 895 1072 sed
933 1038 1116 1072 amens
1143 1024 1195 1072 et
1231 1021 1493 1073 attonitus
1531 1021 1777 1088 protinus

166 1091 393 1143 cucurri.
470 1090 536 1142 ad
574 1109 863 1159 summam,
911 1090 1166 1142 festinaui
1203 1108 1301 1143 nec
1341 1092 1562 1144 occurri.
1638 1090 1778 1143 Scie-

166 1161 291 1213 bam
326 1162 508 1213 hostes
546 1164 760 1229 patrum
796 1161 1030 1214 lacrimis
1068 1178 1224 1228 saepe
1262 1161 1419 1213 flecti.

271 1231 457 1284 Extra.
516 1230 716 1283 LATRO
755 1249 868 1283 non
894 1231 1102 1283 curauit
1127 1230 1299 1283 dicere
1335 1231 1543 1283 nullam
1578 1231 1776 1284 factam
1801 1248 1840 1279 15

168 1319 279 1354 esse
317 1301 704 1370 proditionem,
753 1305 834 1353 set
870 1319 924 1353 se
962 1300 1292 1369 proditorem
1328 1319 1440 1353 non
1479 1319 1607 1354 esse.
1683 1300 1777 1354 Su·

167 1375 379 1440 spectus
407 1375 502 1439 est,
542 1372 746 1440 inquid,
786 1371 950 1424 iudici
978 1372 1070 1439 qui
1106 1371 1227 1439 plus
1254 1389 1415 1440 quam
1441 1389 1495 1423 se
1523 1371 1775 1425 defendit.

167 1441 415 1496 CESTIVS
475 1443 653 1511 posita
700 1442 962 1495 suasoria:
1022 1441 1308 1494 <deliberat
1357 1441 1662 1494 Alexander
1708 1461 1778 1494 an

167 1512 441 1566 Oceanum
478 1513 729 1581 nauiget,
782 1531 904 1565 cum
943 1511 1190 1564 exaudita
1236 1531 1342 1565 uox
1381 1515 1543 1564 esset:
1583 1531 1776 1581 quous-

169 1601 296 1652 que,
347 1583 606 1636 inuicte'?
655 1583 975 1636 describenti
1023 1583 1280 1651 discipulo
1329 1582 1435 1634 late
1481 1582 1776 1635 Alexandri
1799 1599 1840 1630 20

170 1653 423 1707 uictorias
462 1657 754 1723 gentesque
801 1653 1126 1722 perdomitas
1165 1652 1511 1721 addentique:
1552 1657 1775 1721 ‘quous-

167 1741 269 1792 que
306 1727 432 1792 post
467 1724 629 1777 ista'?
669 1724 1013 1776 exclamauit:
1055 1726 1127 1775 ‘et
1163 1727 1222 1776 tu
1261 1723 1597 1792 quousque’?

499 1961 1199 2032 <CONTRoVERsiA
1239 1961 1452 2030 VIII>

374 2077 670 2119 MVTANDA
701 2078 889 2120 OPPIO
922 2077 1202 2120 RAPTORE
1238 2075 1560 2119 CONVICTO.

164 2186 341 2256 Rapta
377 2189 680 2257 (raptoris)
718 2191 812 2240 aut
847 2191 1074 2240 mortem
1123 2190 1216 2238 aut
1252 2186 1518 2238 indotatas
1556 2185 1771 2253 nuptias
1795 2201 1837 2232 25

306 2261 471 2326 optet.
521 2257 698 2326 Rapta
734 2258 995 2326 producta
1032 2256 1249 2324 nuptias
1289 2256 1513 2324 optauit.
1562 2257 1773 2308 iuuenis

303 2331 575 2396 raptorem
602 2346 657 2379 se
682 2327 919 2397 negauit.
972 2327 1250 2379 conuictus
1277 2330 1372 2379 est.
1424 2326 1518 2378 illa
1542 2329 1771 2379 mortem

302 2398 456 2467 petit.
506 2401 691 2466 raptor
727 2397 1058 2450 contradicit.

270 2495 469 2565 Optare
507 2496 607 2548 tibi
632 2514 744 2549 non
783 2495 1011 2564 amplius
1038 2511 1197 2564 quam
1236 2496 1398 2548 semel
1423 2494 1593 2547 licuit.
1642 2493 1772 2546 Pro-

161 2566 347 2634 ponite
397 2567 646 2635 supplicii
701 2567 918 2633 faciem,
976 2566 1303 2634 carnificem,
1362 2565 1611 2618 securim:
1668 2564 1772 2616 hoc
1794 2579 1836 2610 30

275 2755 300 2793 5
331 2756 478 2792 ostem
509 2753 554 2790 M
574 2750 590 2805 ΙΙ
627 2754 651 2792 7
683 2751 796 2791 nihil
833 2756 904 2792 est
934 2753 978 2790 M
1001 2750 1016 2804 ΙΙ
1045 2753 1070 2792 9
1102 2750 1231 2791 duxit
1259 2752 1304 2789 M
1325 2748 1341 2803 ΙΙ
1366 2752 1417 2791 10
1450 2750 1631 2790 duxerit
1660 2751 1732 2787 Ma
1760 2747 1771 2798 l*

163 2809 214 2849 13
244 2807 367 2858 admi¹
396 2810 471 2847 Ma
506 2807 521 2861 ΙΙ
551 2811 605 2849 20
636 2807 876 2861 defiibenti
906 2810 951 2846 M
986 2806 1002 2860 ΙΙ
1031 2809 1085 2848 25
1117 2808 1310 2859 raptoris
1341 2821 1418 2848 om.
1453 2808 1498 2845 M
1532 2804 1547 2859 ss
1578 2807 1631 2846 27
1663 2817 1774 2846 con-

162 2865 292 2905 uicus
323 2866 368 2903 M
389 2863 405 2918 ss
434 2866 488 2906 28
521 2861 585 2909 C&
614 2862 771 2918 M1129
803 2865 945 2905 liceat
976 2865 1108 2904 Burs.
