1942 3034
48 0 830 44 ’,ϊέῐῗέῗῑῖῌνᾲῑζῖέ’··“τ“«”,”·“;«-’·’
870 14 875 18 .
1057 0 1070 10 *

142 155 150 158 ’
195 166 334 231 μηδ
348 176 401 222 Β.
508 173 1117 236 οοΝΤΒονΕΒεΙΑΒῖΜ
1140 174 1259 217 Lm.
1279 173 1342 219 11.
1374 176 1399 216 ⁷
1421 171 1529 229 (15).
1705 172 1810 228 227

198 300 362 370 arripi
399 303 453 354 et
488 298 747 353 denudari
781 299 953 368 iussit,
989 298 1205 370 flagella
1229 302 1284 352 et
1318 299 1545 352 uerbera
1571 302 1624 352 et
1650 317 1811 353 omne

196 388 367 442 genus
405 371 670 424 cruciatus
705 370 976 440 poposcit,
1024 370 1084 422 in
1118 369 1305 440 plagas
1343 369 1616 422 deterrimi
1661 388 1811 424 man·

198 442 302 511 cipi
350 442 442 494 uix
495 441 902 494 inbecillitatem
956 440 1235 493 muliebris
1280 458 1472 495 manus
1525 440 1810 493 continuit.

199 511 458 574 Quotiens
517 510 679 581 [quod
733 529 847 563 non
903 529 1011 564 una
1063 509 1515 582 peregrinaretur]
1573 511 1810 564 absentis
1835 523 1868 571 5

153 599 175 631 5
197 583 300 635 uiri
354 599 554 634 nomen
614 580 953 650 inplorauit?
1027 581 1276 650 quotiens
1333 581 1479 651 quod
1529 599 1642 634 non
1702 599 1813 634 una

194 652 627 723 peregrinaretur
664 654 852 720 questa
889 650 1009 704 est?
1062 670 1222 705 nemo
1262 652 1338 705 sic
1387 670 1455 704 ne
1495 654 1677 706 antem
1714 652 1811 705 ite-

194 741 313 775 rum
358 726 530 792 rogat.
605 720 740 775 Cum
787 740 893 790 quo
933 725 1121 791 questa
1158 725 1175 792 ss
1219 723 1317 775 es?
1355 741 1460 792 apu
1535 740 1695 792 quem
1731 722 1812 776 in-

194 793 415 863 dignata
460 791 557 845 es?
618 791 827 845 abunde
874 795 927 845 te
983 792 1043 844 in
1098 797 1475 863 argumentum
1521 791 1812 862 pudicitiae

194 865 557 933 profecturam
602 866 784 931 putea,
842 863 887 914 si
935 866 1181 931 stuprum
1239 867 1453 917 tantum
1507 864 1809 934 negaueriS,

130 951 171 982 ιο
194 933 337 1004 quod
382 934 698 1003 plerumque
737 932 899 986 etiam
935 933 1366 1002 inpudicissima,
1416 952 1508 1003 spe
1546 934 1810 988 uberioris

192 1005 421 1074 praemi,
469 1003 534 1056 de
585 1003 851 1056 industria
905 1003 1166 1056 simulat?
1228 1003 1441 1073 quando
1491 1004 1555 1056 de
1611 1004 1811 1057 iniuria

191 1081 286 1128 tua
322 1075 440 1128 uiro
481 1074 583 1128 scri
626 1074 742 1126 sisti
781 1077 866 1140 et,
905 1092 974 1127 ne
1012 1074 1071 1126 in
1110 1074 1447 1128 occasionem
1496 1074 1685 1127 similis
1729 1076 1810 1128 in-

193 1146 362 1198 iuriae
399 1144 564 1198 solitu
604 1162 635 1197 o
674 1147 769 1197 tua
804 1147 1029 1214 pateret,
1068 1145 1417 1198 maturiorem
1454 1145 1687 1198 reditum
1723 1164 1809 1199 ro-

191 1215 371 1287 gasti?
409 1219 462 1268 et
488 1217 691 1285 quanto
719 1215 992 1268 decentius
1029 1216 1413 1269 contumeliam
1448 1216 1810 1285 penetralium

128 1302 169 1334 ιε
191 1304 433 1339 meorum
479 1285 661 1338 uxoris
699 1285 930 1354 epistula
976 1304 1138 1354 quam
1184 1290 1509 1340 testamento
1559 1287 1810 1341 sollicita—

190 1358 325 1410 toris
374 1358 777 1427 cognoscerem!
853 1355 1187 1410 Miserrimus
1237 1358 1412 1411 omnis
1464 1357 1663 1410 saeculi
1699 1376 1809 1411 ma-

193 1429 326 1480 ritus
387 1427 463 1480 sic
519 1430 828 1496 contempta
886 1427 1129 1480 absentia
1184 1446 1303 1480 mea
1364 1428 1672 1481 etiamnunc
1727 1429 1808 1482 in-

191 1498 383 1551 iuriam
410 1515 583 1551 meam
608 1498 883 1566 nescirem,
912 1497 957 1549 si
984 1498 1076 1566 qui
1101 1498 1303 1552 fecerat
1326 1501 1502 1552 tacere
1529 1498 1803 1552 uoluisset.

193 1567 415 1621 Totiens
470 1567 759 1621 sollicitata
813 1586 926 1621 non
978 1568 1138 1621 istam
1192 1569 1386 1623 faciem
1434 1587 1540 1639 qua
1593 1569 1804 1638 placere
1829 1573 1864 1626 6

128 1654 171 1687 ιο
192 1643 407 1707 poteras
454 1638 809 1691 conuestisti‘?
856 1656 968 1692 non
1008 1657 1167 1692 omne
1215 1643 1594 1693 ornamentum
1632 1640 1803 1694 ueluti

191 1726 405 1763 causam
440 1708 565 1763 talis
603 1709 831 1762 iniuriae
870 1713 1141 1763 exsecrata
1179 1710 1273 1763 es‘?
1319 1709 1463 1780 quod
1499 1711 1807 1780 proximum

192 1783 273 1833 est
308 1798 339 1833 a
376 1779 749 1849 promittente,
797 1784 987 1850 rogata
1035 1783 1281 1849 stuprum
1317 1784 1474 1834 tacet.
1548 1779 1807 1850 Inspicite

192 1848 419 1903 adulteri
459 1867 702 1917 censum3
743 1869 807 1902 ex
845 1868 908 1903 eo
948 1851 1150 1919 inpune
1189 1851 1259 1905 sit
1285 1851 1429 1920 quod
1466 1851 1709 1905 adultero
1750 1871 1807 1906 se

194 1918 353 1989 dedit,
393 1921 438 1973 si
477 1926 557 1973 est
593 1920 796 1990 aliquid
834 1920 979 1990 quod
1015 1939 1127 1974 non
1166 1921 1383 1976 dederit.
1442 1920 1583 1984 Quid
1621 1923 1806 1993 singil-

127 2004 169 2036 25
192 1990 343 2043 latim
370 1991 552 2044 omnia
576 1990 904 2060 percenseo?
943 1990 1241 2064 quid[quid]
1281 2010 1381 2064 ego
1406 2010 1520 2046 non
1547 2010 1575 2046 e
1603 1993 1805 2047 mundo

196 2061 293 2114 tibi
332 2062 579 2115 miseram
605 2062 869 2115 maritus?
907 2064 1124 2131 <nunc>
1163 2081 1284 2116 cum
1311 2065 1459 2117 omni
1486 2081 1648 2117 censu
1685 2082 1806 2119 meo

277 2248 295 2287 1
333 2247 534 2301 accipiet
556 2249 619 2287 '1⁸⁸
638 2246 655 2299 ΙΙ
675 2248 701 2288 4
733 2260 872 2288 unare
907 2248 937 2287 0
958 2246 974 2301 ΙΙ
997 2248 1128 2290 uerba
1151 2249 1272 2302 quod
1303 2262 1346 2290 n.
1367 2262 1409 2291 u.
1432 2263 1476 2302 p.
1500 2252 1581 2294 del.
1606 2251 1770 2293 Vahlen
1792 2249 1806 2305 Η

188 2303 215 2343 5
243 2315 272 2342 n
295 2302 415 2343 enim
436 2301 639 2358 plorauit
657 2304 694 2343 Δ
716 2302 731 2356 ΙΙ
754 2305 780 2345 6
810 2305 1023 2358 quaesita
1044 2305 1089 2357 0,
1121 2319 1235 2347 corr.
1257 2305 1415 2348 Schult.
1441 2305 1456 2360 ΙΙ
1479 2307 1518 2349 si
1546 2308 1580 2348 Β
1603 2305 1618 2362 ΙΙ
1641 2320 1807 2360 rogan-

190 2362 280 2399 tem
311 2360 345 2399 '1'
365 2357 382 2412 Ι
403 2360 428 2400 7
459 2364 532 2402 ent
553 2359 675 2413 apud
697 2361 728 2401 0
750 2357 766 2413 ΙΙ
788 2362 815 2403 8
845 2365 917 2403 est
944 2361 1158 2403 habunde
1190 2364 1222 2402 Τ
1244 2360 1259 2415 ΙΙ
1283 2364 1307 2404 9
1338 2364 1627 2416 profuturam
1649 2366 1681 2405 Τ
1703 2362 1719 2418 ΙΙ
1753 2366 1805 2406 10

188 2414 558 2467 inpudiciuimas
588 2417 616 2456 0
656 2414 672 2469 ΙΙ
712 2430 839 2470 spem
869 2418 1125 2460 uberiorem
1158 2419 1255 2459 cTa
1284 2417 1300 2472 ΙΙ
1339 2421 1388 2460 11
1423 2421 1567 2474 promi
1598 2421 1635 2461 A
1666 2421 1805 2475 primi

186 2470 248 2509 'ra
268 2469 286 2523 fl
310 2472 360 2512 12
392 2471 561 2513 iniuria
590 2470 728 2525 01⁸ss
753 2475 804 2515 13
834 2473 1101 2516 sollicitudo
1131 2476 1162 2516 0
1184 2474 1200 2528 ΙΙ
1224 2480 1408 2529 pateret
1430 2482 1475 2518 et
1505 2479 1568 2518 Ta
1588 2474 1604 2530 ΙΙ
1626 2477 1804 2530 pditum

188 2528 290 2566 Οτι
310 2525 326 2578 Ι
351 2529 403 2569 15
434 2540 566 2581 quem
597 2529 624 2568 0
644 2526 663 2581 Η
685 2531 965 2572 testamentfi
997 2533 1097 2571 στα
1118 2530 1133 2584 ΙΙ
1159 2534 1209 2573 16
1243 2545 1569 2586 cognoscerem
1589 2534 1623 2573 B
1645 2531 1660 2586 ΙΙ
1683 2534 1805 2575 oculi

188 2584 290 2622 Οτι
317 2583 333 2635 ΙΙ
373 2585 422 2624 17
455 2597 522 2625 me
555 2585 584 2623 0
611 2581 631 2638 ΙΙ
670 2584 719 2626 18
751 2586 925 2627 nescire
957 2589 1057 2628 Οτι
1087 2586 1103 2640 ΙΙ
1133 2590 1170 2629 si
1201 2589 1299 2642 quit
1330 2590 1432 2629 GTa
1472 2591 1509 2630 si
1541 2590 1660 2643 quod
1691 2590 1752 2631 'rb
1789 2590 1804 2645 ΙΙ

189 2638 390 2681 noluisse
424 2646 470 2680 et
501 2640 675 2682 totiens
705 2640 843 2695 01⁸⁸ss
875 2644 925 2684 19
956 2642 1256 2686 sollicitatam
1298 2644 1464 2696 (—tem
1498 2645 1550 2697 T)
1583 2646 1631 2687 in
1663 2648 1802 2687 istam

187 2697 241 2746 0,
276 2710 388 2740 corr,
413 2695 544 2737 Bura.
569 2695 585 2748 ΙΙ
607 2696 812 2750 placeret
842 2698 870 2738 0
890 2696 907 2752 Ι
927 2700 983 2742 20
1012 2699 1034 2723 ‘
1058 2702 1327 2742 conuertisti
1358 2702 1389 2742 0
1411 2700 1427 2754 ΙΙ
1450 2714 1625 2743 omnem
1657 2705 1685 2743 c
1708 2701 1724 2756 ss
1747 2704 1798 2743 21

187 2752 400 2793 iniuriam
431 2754 459 2792 c
482 2751 498 2804 fl
520 2758 787 2795 exsecratur
816 2754 844 2794 0
865 2752 882 2807 ss
902 2756 957 2797 23
989 2756 1026 2797 ei
1048 2757 1170 2810 quod
1195 2757 1420 2799 adulteris
1443 2758 1588 2799 edidit
1611 2760 1658 2811 Ο,
1683 2772 1799 2800 corr.

188 2808 315 2849 Burs.
348 2809 587 2850 adulterae
621 2809 745 2850 dedit
778 2809 829 2854 Ν.
854 2809 1030 2865 Madvig
1050 2813 1066 2867 ΙΙ
1097 2815 1151 2854 24
1183 2818 1282 2856 non*
1305 2815 1394 2856 erit
1425 2816 1471 2866 0,
1503 2829 1616 2858 corr.
1651 2816 1799 2856 Haase

189 2865 241 2906 Ν.
267 2865 418 2907 Μαάυί
478 2865 494 2917 ΙΙ
534 2868 590 2907 26
630 2865 849 2919 quidquid
880 2867 935 2918 0,
972 2881 1086 2910 corr.
1124 2870 1252 2913 Gron.
1291 2868 1308 2922 ΙΙ
1347 2884 1433 2925 ego
1465 2871 1573 2913 noui
1604 2870 1799 2911 emundo

189 2920 235 2962 0.
268 2920 379 2963 Iahn
407 2879 509 2973 lfw
539 2927 560 2950 ⁸
585 2923 797 2964 miserum
828 2924 860 2964 0
891 2925 1029 2966 miser
1060 2937 1179 2967 nunc
1213 2926 1258 2971 O.
1293 2926 1400 2967 laten
1425 2925 1439 2979 ΙΙ
1464 2940 1583 2968 nunc
1616 2941 1692 2968 om.
1725 2927 1756 2968 0

1379 2999 1458 3034 15·
