1942 3034
31 118 50 178 .'
93 149 234 202 p.348
252 147 307 189 B.
462 146 787 189 nxcmzpm
819 145 1123 189 con-mov.
1154 146 1272 188 Lm.
1301 147 1339 189 1.
1612 142 1715 197 149

202 270 358 333 Quod
393 271 598 341 patriae
635 274 881 341 superest
913 271 1056 340 patri
1092 270 1325 324 uindico.
1390 269 1435 324 Ο
1473 289 1559 324 me
1596 273 1709 326 filio

131 346 371 412 ugnante
409 342 518 394 iam
543 341 766 394 lassum!
813 341 929 394 Iam
953 359 1051 411 pro
1090 344 1144 395 te
1169 341 1354 394 nescio
1393 341 1523 410 quid
1549 343 1711 396 etiam

91 361 179 465 fex
226 409 397 466 timet.
471 411 685 465 Miraris
723 413 767 464 si
806 411 950 482 quod
988 412 1096 482 legi
1132 412 1261 465 satis
1299 414 1403 480 est,
1451 413 1595 481 patri
1631 414 1712 466 ni-

92 483 194 534 mis
243 482 361 536 est?
436 481 608 535 Causa
654 482 787 535 mihi
835 482 1116 535 abdicandi
1167 486 1249 536 est
1299 501 1369 535 ne
1427 483 1541 535 sine
1598 483 1711 536 filio

92 553 289 605 uiuam.
374 551 659 605 Abdicatio
715 570 835 605 mea
890 554 947 606 in
1002 556 1268 622 potestate
1324 552 1556 606 abdicati
1613 558 1708 608 est.

92 622 342 691 Optimus
397 622 614 674 uirtutis
663 623 786 675 finis
839 628 919 676 est
974 627 1264 693 antequam
1313 623 1526 677 deficias
1577 624 1711 678 desi-

89 710 277 814 nere.l
308 691 420 745 Lex
460 710 674 761 quoque
712 693 771 745 in
807 698 891 746 ter
927 696 1046 747 uiro
1084 695 1215 748 forti
1253 698 1347 747 aut
1383 694 1581 748 diffidit
1617 699 1712 749 aut

90 780 256 816 consu
281 763 339 815 it.

195 833 328 886 Pars
364 833 548 886 altera.
624 831 779 887 Certe
818 834 1075 887 abdicatis
1112 852 1355 906 pugnare
1393 835 1533 889 licet.
1607 836 1713 890 Pu·-

46 924 70 956 0
92 904 182 956 det
218 921 330 973 me,
376 908 460 957 ter
505 904 638 957 uicti
683 905 934 958 militant.
1012 903 1240 958 Senator
1285 909 1411 975 post
1447 907 1712 977 sexagesi-

90 993 238 1027 mum
286 979 341 1028 et
385 974 635 1043 quintum
681 975 698 1044 ΙΙ
745 994 948 1028 annum
994 976 1053 1028 in
1101 976 1303 1028 curiam
1360 977 1546 1029 uenire
1598 996 1713 1031 non

92 1046 306 1115 cogitur
339 1062 440 1097 nec
486 1048 716 1098 uetatur.
794 1044 1059 1115 Quicquid
1100 1046 1325 1099 honoris
1362 1048 1583 1100 nomine
1622 1047 1711 1101 da-

88 1120 193 1184 tur,
231 1116 289 1168 in
327 1119 609 1185 utrmque
645 1120 856 1185 partem
892 1117 1044 1185 licet3
1084 1117 1287 1186 alioqui
1326 1117 1525 1171 desinit
1559 1137 1710 1187 prae-

90 1187 257 1239 mium
295 1204 408 1239 esse
434 1186 520 1239 cui
557 1187 847 1240 necessitas
883 1187 1204 1258 iniungitur.
1257 1187 1442 1241 Otium
1478 1189 1710 1258 imperas

90 1257 270 1309 animo
318 1275 431 1310 non
479 1257 670 1310 otiosa
745 1257 1031 1311 Tumultus
1088 1261 1307 1311 exortus
1353 1263 1459 1328 est3
1518 1260 1577 1312 in
1623 1278 1710 1313 me

91 1327 333 1380 omnium
379 1327 580 1380 ciuium
626 1327 934 1398 diriguntur
982 1329 1123 1382 oculi
1172 1332 1226 1382 et
1271 1329 1470 1399 adhuc,
1520 1347 1711 1383 uerum

91 1396 373 1450 dicendum
421 1401 526 1466 est,
581 1398 718 1451 nihil
772 1398 907 1451 mihi
961 1400 1138 1468 patria
1184 1399 1367 1453 debet:
1414 1419 1711 1470 numquam

92 1469 334 1539 pugnaui
371 1467 476 1521 nisi
515 1472 747 1522 coactus,
819 1468 992 1523 adhuc
1036 1469 1231 1523 militia
1268 1489 1388 1524 mea
1424 1471 1560 1542 legis
1597 1491 1710 1524 mu-

90 1555 192 1590 nus
220 1543 315 1591 est.
366 1538 728 1592 Athenienses
766 1540 1012 1593 abdicato
1051 1541 1300 1594 uicerunt
1324 1542 1473 1595 duce.
1533 1541 1710 1604 Quan-

27 1624 72 1660 ω
93 1612 209 1661 tum
246 1609 496 1749 infferest!
547 1609 637 1662 ille
676 1609 1070 1664 abdicationem
1115 1612 1314 1665 uirtute
1353 1611 1566 1682 deleuit,
1607 1629 1707 1683 ego

18 1724 22 1735 .
88 1696 277 1732 merul.

202 1837 229 1876 6
260 1835 511 1890 uirtutibus
541 1836 622 1889 ΠΗ
662 1840 709 1879 11
744 1840 871 1881 curia
900 1842 944 1880 Π
979 1839 995 1894 Ι]
1034 1843 1085 1881 12
1123 1845 1310 1883 uetetur
1339 1843 1385 1881 Π
1415 1856 1466 1884 m.
1496 1856 1564 1895 pr.
1603 1840 1619 1896 ΙΙ
1657 1843 1710 1885 13

91 1890 296 1947 alioquin
323 1894 396 1933 m»
