1936 3100
195 80 301 135 386
719 68 951 124 ANNAEI
980 80 1256 125 SENECAE
1597 80 1735 137 p.429
1755 84 1809 126 B.

197 211 405 275 patrem
442 207 713 258 interesse.
769 205 902 258 Post
937 208 1050 258 tam
1075 206 1271 258 similia
1296 224 1472 276 opera,
1513 208 1558 259 si
1594 211 1809 260 tantum

198 277 492 330 commilito
532 294 688 345 esses,
727 278 934 344 patrem
971 293 1056 328 me
1083 276 1336 344 adoptare
1362 277 1634 331 debueras,
1682 279 1809 330 Am-

196 365 390 400 moneo
428 350 506 414 te,
555 346 793 399 iuuenis:
841 346 946 399 hoc
990 347 1287 414 praemium
1332 348 1426 416 qui
1472 351 1810 401 recusauerat

195 418 346 487 petit.
423 417 640 470 ‘Timeo
688 435 757 469 ne
793 434 878 468 me
916 416 1110 469 iterum
1153 416 1412 470 abdiccs’.
1488 417 1809 472 Commissu-

194 507 314 541 rum
363 506 449 541 me
510 490 666 556 putas
713 489 774 539 ut
818 487 1013 539 iterum
1068 487 1294 557 rogem?
1356 486 1510 542 Bello
1561 489 1807 559 grauiore
1833 504 1854 537 5

205 559 472 629 pugnaui,
521 576 627 627 quo
675 574 891 610 necesse
937 557 1041 610 fuit
1090 559 1250 611 etiam
1305 559 1521 612 senibus
1568 559 1815 627 militare,

205 647 310 698 quo
347 629 516 682 fortes
543 647 655 681 esse
693 646 802 680 non
826 631 1119 697 potuerunt
1144 629 1304 682 etiam
1331 630 1423 698 qui
1458 630 1636 698 priore
1671 629 1814 682 bello

204 700 437 752 fuerant.
511 699 611 763 Ille
660 717 830 751 annos
877 717 1001 751 suos
1048 699 1307 766 exercuit,
1358 717 1458 769 ego
1506 701 1614 752 uici
1650 717 1813 752 meos.

205 769 287 822 Tu
324 769 535 839 fregisti
571 769 800 837 bellum,
840 787 940 839 ego
979 770 1185 822 sustuli.
1262 767 1475 831 Quanta
1511 770 1813 823 exhortatio

204 840 465 893 iuuenum
510 839 592 892 fui
641 858 802 893 senex
848 840 1028 893 fortis!
1103 839 1329 908 Vtrique
1375 843 1622 894 nostrum
1667 858 1815 909 prae·
1839 855 1878 887 10

199 911 383 981 mium*
428 910 652 963 reddite.
727 910 961 963 Militaui
1008 928 1197 978 senex,
1251 910 1482 964 militaui
1539 911 1813 980 exanguis„

199 981 433 1034 militaui
481 981 573 1049 qui
622 982 728 1033 iam
785 981 1047 1033 uicarium
1095 981 1356 1034 dederam.
1433 981 1673 1050 Vterque
1719 998 1814 1033 no-

197 1054 367 1105 strum
416 1069 539 1103 cum
585 1054 806 1121 rogatur
841 1051 1072 1120 fastidit,
1123 1069 1244 1104 cum
1280 1051 1604 1120 relinquitur
1640 1054 1810 1120 rogat.

195 1121 336 1183 Quid
372 1139 473 1175 nos
500 1122 760 1191 suspicari
789 1122 954 1191 cogis,
983 1121 1127 1190 quod
1163 1139 1276 1175 non
1313 1122 1395 1174 uis
1433 1123 1491 1174 in
1527 1124 1810 1190 paternam

195 1193 416 1245 domum
455 1192 640 1244 uenire
666 1192 773 1243 nisi
809 1195 904 1244 tuo
942 1192 1222 1260 praemio?
1279 1191 1457 1260 Turpe
1484 1195 1597 1244 erat
1633 1192 1811 1244 uirum
1835 1204 1876 1237 15

190 1262 394 1315 fortem
431 1262 537 1314 nisi
575 1281 606 1314 a
642 1265 793 1330 patre
833 1265 1018 1314 coacto
1057 1280 1170 1314 non
1208 1262 1390 1330 recipi.

301 1346 437 1399 Pars
476 1346 658 1399 altera.
715 1344 854 1407 Quid
890 1364 974 1398 me
1002 1346 1277 1414 captiuum
1315 1363 1378 1397 ex
1415 1346 1584 1398 libero
1624 1345 1812 1414 cupis?

193 1417 323 1487 quid
363 1416 700 1487 ignominiae
739 1416 935 1468 subicis
973 1417 1151 1468 uirum
1200 1416 1432 1469 fortem?
1480 1415 1607 1485 quid
1645 1415 1812 1468 efficis

194 1491 259 1540 ut
305 1488 477 1556 possit
514 1486 786 1539 abdicari?
836 1486 1007 1539 ‘Meus
1019 1529 1033 1556 ,
1072 1486 1285 1555 inquid,
1326 1505 1380 1538 es
1417 1487 1597 1539 filius’.
1676 1485 1812 1548 Quid

199 1576 333 1627 opus
373 1561 454 1610 est
489 1558 744 1626 praemio,
786 1558 830 1609 si
867 1560 990 1609 tuus
1029 1558 1186 1610 sum‘?
1225 1558 1242 1626 ΙΙ
1833 1556 1875 1588 20

553 1795 1257 1866 <CONTROVERSIA
1304 1795 1445 1866 V1.>

427 1912 669 1964 PAVPER
700 1911 1062 1953 NAVFRAGVS
1094 1910 1324 1952 DIVITIS
1357 1910 1567 1952 SOCER.

197 2021 408 2076 Vitiata
443 2022 712 2074 uitiatoris
751 2025 844 2073 aut
888 2024 1116 2074 mortem
1154 2024 1247 2073 aut
1284 2020 1551 2073 indotatas
1587 2019 1804 2087 nuptias

339 2095 502 2161 petat.
576 2091 743 2144 Diues
790 2110 1078 2161 pauperem
1117 2092 1180 2143 de
1226 2091 1431 2159 nuptiis
1468 2090 1609 2142 filiae
1647 2089 1807 2141 inter-

338 2163 564 2232 pellauit
607 2162 794 2230 terti03
853 2165 935 2214 ter
981 2179 1184 2230 pauper
1239 2160 1483 2230 negauit3
1532 2159 1805 2227 profectus
1828 2172 1869 2206 25

340 2251 459 2285 cum
496 2233 609 2285 filia
644 2232 928 2301 naufragio
969 2231 1219 2299 expulsus
1258 2234 1338 2282 est
1373 2231 1431 2282 in
1468 2229 1650 2282 diuitis
1687 2229 1807 2281 fun—

339 2302 494 2371 dum3
553 2301 846 2370 appellauit
890 2301 1043 2352 illum
1091 2300 1238 2353 diues
1289 2301 1351 2352 de
1398 2300 1602 2368 nuptiis
1638 2300 1806 2368 filiae3

336 2390 541 2441 pauper
575 2372 747 2424 tacuit
783 2374 836 2423 et
872 2371 1035 2423 fleuit.
1095 2371 1243 2423 diues
1281 2371 1497 2439 nuptias
1533 2370 1677 2423 fecit.
1731 2387 1809 2421 16-

328 2443 543 2510 dierunt
583 2442 642 2494 in
668 2443 869 2494 urbem.
922 2442 1041 2493 uult
1077 2459 1280 2510 pauper
1315 2441 1535 2493 educere
1572 2440 1806 2509 puellam

327 2512 396 2565 ad
432 2513 822 2582 magistratum.
875 2512 1020 2564 diues
1061 2511 1395 2564 contradicit.
1827 2524 1870 2557 30

293 2714 321 2752 4
352 2712 530 2752 abdicis
563 2713 635 2751 Ma
657 2710 672 2765 ΙΙ
710 2713 757 2751 11
793 2713 954 2762 anguis
985 2714 1059 2750 Ma
1080 2709 1095 2764 l}
1124 2713 1172 2752 15
1206 2711 1303 2751 sine
1334 2712 1392 2761 M,
1425 2710 1517 2750 nisi
1550 2710 1678 2751 Gron.
1702 2706 1716 2761 ΙΙ
1749 2709 1800 2748 19

180 2768 353 2822 possim
382 2770 455 2808 Mb
477 2766 493 2822 ΙΙ
515 2771 568 2810 23
602 2769 733 2811 Vitia
764 2770 838 2807 Ma
859 2766 873 2821 ΙΙ
897 2770 951 2808 24
971 2772 1154 2821 spectat
1175 2769 1233 2817 M,
1253 2780 1367 2808 corr.
1384 2766 1513 2807 Burs.
1536 2763 1552 2818 ΙΙ
1574 2767 1629 2807 30
1650 2777 1802 2818 magg.

180 2827 256 2864 Ma
282 2822 298 2878 ΙΙ
338 2821 402 2869 C&
431 2826 477 2863 M
