1950 3022
177 130 240 170 v1
803 117 1160 159 PRAEFATIO.

285 242 359 295 Hi
408 243 512 296 duo
567 242 693 295 libri
745 242 1191 310 praestantissimi
1249 259 1314 294 ex
1370 243 1556 296 eodem
1611 244 1792 297 codice

182 313 254 385 [G]
294 313 454 366 hodie
481 312 756 382 deperdito
784 311 1037 381 descripti
1062 315 1202 381 sunt,
1242 312 1297 364 id
1323 313 1466 381 quod
1487 331 1550 366 ex
1586 332 1794 367 summa

179 402 366 438 eorum
391 384 519 436 1161
504 402 563 435 111
587 382 873 435 leuissimis
899 383 1106 435 mendis
1137 383 1517 436 conuenientia
1554 388 1793 452 apparet.

177 453 421 522 Uterque
480 454 624 506 enim
678 452 928 504 librarius
985 453 1387 533 religiosissime
1445 456 1560 522 qua
1615 455 1795 523 potuit

175 525 279 577 fide
329 524 607 593 archetypi
657 523 958 591 exemplum
1005 523 1157 592 sequi
1207 523 1426 592 eiusque
1474 524 1794 592 scripturam

174 594 396 648 reddere
444 594 662 647 studuit.
727 592 1085 662 discrepantia
1130 593 1297 673 igitur
1341 593 1454 646 fere
1491 595 1667 663 nulla,
1706 595 1794 647 uel

179 665 321 733 talis,
361 683 497 745 quae
526 682 590 717 ex
625 663 969 716 librariorum
1008 663 1255 716 socordia
1290 664 1439 716 nasci
1477 664 1663 718 soleat.
1715 666 1795 716 in-

175 737 320 805 grati
376 735 519 787 enim
576 733 775 787 laboris
830 734 1009 786 taedio
1066 736 1376 814 superatum
1431 734 1591 787 modo
1647 735 1793 787 hunc

174 805 336 858 modo
374 805 527 857 illum
553 804 762 872 lapsum
801 822 913 856 esse
940 804 1059 873 quis
1085 808 1166 856 est
1192 804 1285 872 qui
1321 804 1586 857 miretur?
1634 804 1794 857 Haud

175 894 297 928 raro
336 874 530 928 accidit
566 878 627 926 ut
665 874 1031 927 Bruxellensis
1077 874 1202 927 libri
1240 875 1414 927 scriba
1449 875 1669 928 uoculas
1716 875 1795 927 in-

174 950 355 1016 tegras
394 945 718 1012 omistteret3
759 962 915 1013 saepe
937 944 1214 1014 archetypi
1251 945 1571 1013 scripturam
1606 945 1795 998 diffici-

174 1016 308 1085 lem,
357 1033 494 1084 quae
540 1015 856 1068 correctoris
902 1015 1087 1067 limam
1133 1015 1332 1084 ubique
1380 1033 1632 1084 perpessa
1680 1019 1795 1067 erat

173 1086 313 1140 falso
363 1087 748 1166 interpretatus
797 1088 892 1138 est.
960 1089 1017 1138 at
1051 1085 1194 1137 idem
1242 1085 1330 1138 1161
1376 1086 1606 1139 maxime
1653 1085 1795 1138 cadit

173 1157 234 1209 in
273 1155 684 1224 Antverpiensis
734 1154 932 1208 codicis
994 1155 1288 1208 librarium.
1366 1155 1554 1225 Itaque
1602 1159 1794 1208 neuter

173 1228 354 1280 neutri
409 1225 789 1295 praeferendus
846 1229 950 1295 est,
1006 1229 1199 1279 neutro
1251 1243 1431 1278 carere
1492 1244 1791 1295 possumUS,

175 1315 240 1350 ex
285 1297 563 1365 utriusque
611 1297 825 1349 demum
872 1300 1120 1349 accurata
1167 1297 1567 1365 comparatione
1617 1297 1791 1376 omnis

176 1367 410 1422 Senecae
466 1367 769 1420 emendatio
826 1367 1115 1435 repetenda
1171 1370 1269 1419 est.
1341 1366 1587 1436 Iniquius
1650 1367 1795 1419 enim

174 1437 428 1491 Bursiani
476 1437 540 1490 de
578 1441 623 1490 A
670 1437 950 1506 iudicium,
999 1437 1144 1506 quod
1192 1438 1396 1507 (praef.
1427 1455 1487 1503 p.
1528 1436 1674 1508 XII)
1712 1438 1794 1489 bis

178 1507 614 1577 interpolationis
676 1507 869 1560 uesti
876 1526 907 1559 a
966 1508 1024 1559 in
1084 1508 1471 1575 Antverpiensi
1532 1507 1793 1560 detexisse

176 1579 279 1632 sibi
326 1578 474 1631 uisus
523 1581 617 1631 est.
694 1577 754 1630 P.
781 1578 815 1629 4
855 1577 902 1645 9,
924 1578 992 1631 23
1032 1578 1178 1630 enim
1215 1578 1624 1646 Antverpiensis
1671 1578 1794 1630 scri-

175 1654 337 1718 ptura
376 1649 581 1701 ‘eadem
618 1648 728 1700 uia'
771 1619 982 1718 (eadem
1008 1648 1238 1717 uestigia
1261 1649 1326 1744 Β)
1365 1648 1536 1716 ipsam
1562 1646 1794 1701 Senecae

175 1737 396 1800 manum
433 1718 622 1787 reddit,
663 1721 716 1770 et
754 1719 897 1786 quod
930 1737 984 1784 p.
1011 1719 1134 1787 418,
1158 1718 1281 1771 26’
1286 1719 1343 1770 in
1370 1718 1646 1771 carcerem’
1694 1735 1793 1787 pro

177 1790 255 1842 ‘in
281 1796 478 1842 arcem’
519 1788 791 1859 exhibet¹)
828 1789 885 1840 id
923 1807 987 1841 ex
1025 1807 1087 1842 60
1120 1760 1562 1857 interpolationis
1600 1805 1795 1858 geneie

176 1864 382 1929 natum,
420 1861 478 1912 111
517 1859 661 1928 quod
697 1859 809 1911 fere
847 1859 1009 1911 inuiti
1048 1877 1235 1912 omnes
1273 1858 1507 1911 incidere
1545 1860 1793 1926 solemuS,

176 1934 238 1984 ut
274 1931 368 1983 ubi
395 1930 561 1983 animi
599 1929 831 1982 intentio
858 1930 1040 1998 paullo
1079 1929 1374 1982 remittitur
1399 1929 1545 1981 aliud
1571 1931 1792 1999 agentes

176 2001 373 2054 similia
411 2001 674 2053 similibus
713 2003 1116 2053 commutemus,
1183 2018 1358 2080 neque
1385 1974 1638 2052 eiusdem
1657 1999 1794 2052 labis

179 2071 546 2124 Bruxellensis
586 2071 721 2123 liber
757 2088 975 2139 prorsus
1013 2071 1268 2123 immunis
1306 2070 1452 2138 est.²)
1502 2069 1793 2122 Addendus

174 2141 260 2194 his
300 2142 506 2194 duobus
544 2141 771 2194 testibus
809 2141 1246 2210 locupletissimis
1285 2143 1391 2192 est:

281 2211 364 2264 III
400 2212 536 2264 liber
572 2211 946 2264 Vaticanus
988 2210 1069 2282 [V]
1109 2229 1190 2264 nr.
1218 2210 1386 2279 3872,
1425 2210 1645 2263 membr.
1685 2227 1794 2262 sae-

176 2282 284 2336 culi
330 2281 411 2351 X,
459 2282 608 2335 cuius
657 2282 908 2335 notitiam
958 2314 1020 2320 —-
1060 2300 1186 2334 nam
1236 2298 1336 2333 nec
1384 2280 1647 2332 Bursiano
1695 2297 1795 2332 nec

290 2466 323 2519 1)
364 2467 524 2509 addere
566 2467 719 2520 potuit
758 2466 851 2507 alia
889 2465 1016 2508 uelut
1054 2481 1096 2519 p.
1120 2468 1287 2520 299,14
1329 2462 1443 2518 spei]
1478 2465 1527 2505 in
1558 2476 1637 2517 spe
1665 2464 1703 2503 A
1748 2465 1796 2504 in

178 2525 274 2578 spei
301 2525 335 2564 B
393 2526 491 2575 302,
504 2526 556 2565 13
588 2521 745 2576 scires]
770 2524 905 2564 sciret
926 2523 966 2564 si
986 2524 1024 2563 A
1055 2523 1216 2564 scirets
1239 2523 1272 2561 Β
1330 2523 1427 2572 302,
1438 2523 1491 2561 22
1522 2524 1572 2562 ut
1593 2517 1792 2573 probem]

175 2585 279 2622 utro
320 2581 501 2621 homine
537 2580 574 2619 A
618 2581 825 2620 111-,1066111
864 2591 932 2619 me
970 2580 1003 2618 Β
1071 2581 1241 2630 311,18
1281 2575 1385 2630 sibi]
1431 2578 1517 2618 suu
1554 2577 1592 2616 A
1637 2576 1795 2618 sibiB

175 2638 346 2688 316,19
378 2634 528 2690 capto]
550 2636 701 2689 capite
721 2637 759 2675 A
780 2639 909 2688 capte
939 2636 972 2675 B
1002 2634 1037 2687 ²)
1060 2636 1117 2687 ef.
1147 2650 1192 2688 p.
1215 2636 1313 2686 294,
1323 2636 1377 2674 20
1399 2644 1614 2674 excusare
1633 2631 1796 2672 malint

177 2690 327 2747 quam]
361 2704 575 2734 excusare
614 2692 756 2732 malin
788 2704 920 2744 quam
948 2694 986 2731 A
1022 2703 1282 2732 excusarem
1318 2690 1516 2743 aliquam
1545 2690 1578 2728 B
1604 2688 1796 2739 ,335,16

178 2746 475 2801 obtendenda]
511 2737 704 2789 obtenda
726 2749 764 2787 A
795 2748 993 2788 obtanda
1021 2749 1053 2787 Β
1114 2749 1210 2798 345,
1222 2749 1276 2788 25
1306 2749 1349 2787 et
1370 2741 1506 2799 aliae]
1539 2757 1607 2785 me
1629 2743 1738 2785 talie
1759 2745 1797 2783 A

175 2818 246 2846 me
276 2805 392 2846 talia
422 2806 455 2845 B
521 2806 686 2855 401,13
729 2801 850 2857 quoi]
893 2807 1003 2857 quot
1033 2804 1069 2843 A
1109 2803 1227 2857 quod
1255 2804 1288 2843 B
1354 2803 1452 2854 406,
1463 2803 1489 2843 8
1530 2797 1791 2853 audiuntur]

176 2862 434 2903 auditintur
461 2861 499 2900 A
539 2861 671 2902 audit
702 2861 826 2902 intus
859 2859 892 2898 B
