1942 3034
189 143 296 196 240
341 185 364 189 ,λ
619 119 623 122 ’
707 139 939 184 ANNAEI
969 137 1246 184 sENEcAE
1587 153 1630 193 p.
1649 140 1732 181 358
1749 139 1802 180 B.

193 268 444 337 pudicam
497 270 708 320 tantum
757 268 811 318 et
863 282 1003 317 unus
1052 266 1105 316 et
1151 263 1466 333 peregrinus
1475 305 1490 331 ‚
1538 263 1631 332 qui
1684 263 1805 332 plus

195 338 442 392 laudator
479 356 639 407 quam
678 338 951 389 accusator
987 336 1161 387 nocet.
1212 333 1451 386 onrem
1486 351 1659 386 meam
1683 352 1806 386 nus-

199 428 360 479 quam
396 409 645 478 pudicam
682 406 864 459 audiui
900 405 1006 457 nisi
1043 405 1101 457 in
1139 403 1366 457 adulteri
1403 403 1593 473 elogio,
1643 403 1806 456 Deice

198 481 257 532 in
281 483 480 532 terram
508 479 690 532 oculos
717 480 771 530 et
796 493 950 529 aures
976 478 1319 528 externorum
1346 475 1568 527 uocibus
1598 474 1806 527 claude:

199 551 300 604 sibi
341 551 564 618 quisque
601 566 700 617 pro
737 551 791 600 te
828 549 1006 616 neget.
1079 545 1334 598 Pudicam
1370 545 1462 597 ille
1501 545 1658 613 dixit,
1707 561 1807 614 ego
1830 560 1852 593 5

199 621 533 689 inpudicam:
571 622 720 688 puto,
759 618 879 687 plus
917 617 1139 670 credetis
1165 617 1272 669 ciui
1309 634 1469 684 quam
1504 616 1808 685 peregrin0‚

200 691 394 744 marito
435 708 596 759 quam
633 689 891 742 adultero,
953 687 1136 756 Ipsum
1173 687 1409 757 elogium
1446 687 1659 755 scripsit
1695 703 1808 739 cor-

119 761 123 766 ’
199 761 436 830 ruptoris
489 761 687 813 animo,
779 757 914 821 Quia
967 757 1241 826 pudicam,
1303 757 1504 826 inquit,
1562 756 1806 825 conperi:
1850 811 1856 818 ,

202 831 347 901 quod
382 831 520 884 nulli
555 833 769 900 praeter
804 847 888 881 me
928 828 1171 898 contigit.

307 902 439 955 Pars
477 902 659 955 altera.
734 900 993 953 Formosa
1031 903 1134 952 est:
1181 899 1285 951 hoc
1321 901 1514 951 natura
1550 898 1809 967 peccauit.
1835 914 1876 946 10

202 973 317 1026 sine
355 974 472 1026 uiro
509 972 638 1024 fuit:
676 971 780 1024 hoc
816 970 1039 1023 maritus
1075 969 1331 1038 peccauit.
1398 969 1667 1038 appellata
1704 971 1807 1021 est:

201 1044 306 1096 hoc
345 1043 480 1095 alius
517 1042 776 1111 peccauit.
838 1041 1086 1111 negauit:
1132 1040 1236 1093 hoc
1272 1039 1478 1109 pudice.
1541 1039 1695 1092 heres
1732 1057 1812 1091 re-

201 1114 330 1166 licta
367 1117 473 1166 est:
512 1114 615 1166 hoc
652 1112 897 1165 feliciter.
959 1111 1311 1164 hereditatem
1349 1109 1505 1163 adiit:
1545 1111 1650 1164 hoc
1689 1127 1812 1163 con-

200 1184 340 1237 sulto
379 1184 523 1237 fecit.

328 1341 474 1437 Ἆῖῑηοὲιί
503 1343 548 1380 Μ
577 1338 593 1395 ΙΙ
632 1342 660 1381 4
691 1338 880 1382 claudes
910 1339 977 1381 ibi
1006 1341 1079 1379 Ma
1114 1337 1129 1391 ΙΙ
1180 1341 1205 1380 7
1238 1337 1465 1392 eloquium
1495 1339 1569 1377 Ma
1608 1335 1624 1391 ΙΙ
1659 1338 1684 1378 8
1717 1337 1814 1378 ani·

199 1410 298 1439 mus
