1942 3034
168 139 213 180 p.
227 126 308 167 1⁹4
323 125 375 167 Β.
462 121 1068 166 CONTROVERSIARVM
1095 122 1216 165 Lm.
1239 122 1340 166 VII.
1373 123 1394 163 1
1418 119 1525 176 (16).
1680 119 1786 174 311

167 248 315 318 quod
351 265 417 300 ex
463 246 681 300 sublimi
718 264 803 300 res
839 250 1048 315 spectat
1090 245 1354 298 humanas
1364 286 1379 314 ,
1429 246 1652 298 inuoco:
1699 243 1789 298 da-

169 322 384 372 mnatus
420 317 532 370 alto
569 317 945 385 committitur3
985 316 1064 386 di,
1100 314 1331 368 iudicate
1367 318 1493 384 post
1528 316 1786 383 patrem’!

169 389 317 442 Haec
363 388 633 441 sententia
678 387 955 440 dicebatur
1002 405 1069 440 ex
1105 385 1310 440 Graeco
1361 385 1645 454 translata,
1696 384 1789 438 sed

167 459 373 512 Graeca
425 458 727 526 corruptior
779 461 884 510 est:
941 457 1249 523 Πόσειδον,
1305 453 1634 524 ἄμετρήτων
1693 454 1789 509 δὲ-

123 546 145 578 ε
168 543 348 581 onom
383 530 608 595 βυθῶν,
633 524 740 595 τήν
778 526 1007 579 ἐνάλιον
1035 524 1436 596 κληρωσάμενε
1469 525 1787 595 βασιλείαν,

167 598 435 666 ἀνάγεται
483 596 887 665 πατροκτόνος·
945 595 1085 666 μετὰ
1134 596 1344 663 πατέρα
1403 596 1656 652 δίκασαν.
1734 597 1787 648 A

366 667 562 737 patriS‚
610 668 755 736 quod
791 668 860 720 ab
897 668 1222 737 archipirata
1267 667 1517 720 dimissus
1553 670 1660 734 est,
1708 667 1786 722 sic

198 742 448 792 'Es‘rlvsz
486 756 733 807 poenam,
773 738 974 807 inquit,
1012 738 1227 807 putauit
1261 737 1396 791 mihi
1433 737 1575 791 hanc
1612 738 1631 807 n
1671 755 1785 792 esse

167 814 340 862 morte
385 809 705 879 grauiorem.
780 808 853 861 Et
890 808 966 861 sic
1001 809 1185 877 posuit
1222 809 1280 860 in
1327 809 1664 862 narratione:
1701 826 1784 861 ro·

106 897 147 928 ιο
170 880 365 950 gaham
412 882 475 931 ut
524 879 812 946 occideret3
861 896 975 931 non
1021 878 1323 947 impetraui.
1398 878 1625 931 VARIVS
1677 878 1788 932 GE·
1805 880 1873 929 26

171 964 351 1003 nmvs
389 949 491 1001 ait:
529 949 588 1000 in
624 948 728 1000 hoc
765 966 851 1000 me
888 947 1106 1015 dimisit,
1143 966 1257 1001 non
1283 949 1410 1016 quia
1445 966 1530 1000 me
1569 949 1788 1002 uolebat

169 1021 378 1073 saluum
416 1036 545 1086 esse,
584 1018 676 1070 sed
701 1018 767 1070 ad
803 1018 1167 1086 patrocinium
1205 1036 1377 1085 suum,
1415 1022 1477 1070 ut
1513 1019 1642 1086 quia
1674 1036 1788 1071 non

166 1107 313 1143 nunc
349 1088 633 1156 occiderat,
671 1088 944 1140 uideretur
980 1106 1080 1141 nec
1117 1091 1242 1141 ante
1280 1088 1531 1141 uoluisse.
1582 1087 1784 1142 LATRO

167 1160 328 1213 dixit:
376 1159 496 1228 quis
541 1176 704 1227 porro
754 1177 840 1211 me
887 1177 997 1211 uno
1049 1158 1295 1211 miserior
1340 1161 1422 1211 est
1466 1159 1560 1227 qui
1615 1159 1787 1212 uitam

12 1215 17 1217 ’
104 1248 145 1281 1⁵
167 1230 461 1301 parricidae
509 1227 718 1282 debeo?
791 1228 1054 1283 DIOCLES
1102 1229 1431 1283 CARYSTIVS
1483 1229 1786 1299 elegantem

167 1319 385 1355 sensum
430 1300 489 1351 in
536 1300 813 1367 prooemio
861 1299 1043 1367 posuit
1098 1318 1198 1368 pro
1248 1298 1612 1368 adulescente,
1664 1317 1786 1353 cum

168 1372 371 1424 diceret
405 1387 592 1422 causas
617 1387 673 1422 se
699 1369 1053 1422 abdicationis
1090 1387 1205 1423 non
1230 1370 1503 1438 inuenire,
1541 1370 1784 1423 luxuriae

168 1461 223 1495 se
272 1441 608 1494 occasionem
652 1457 766 1492 non
813 1439 1090 1507 habuisse,
1140 1439 1486 1509 parricidium
1532 1440 1637 1493 sibi
1673 1458 1787 1494 non

168 1513 325 1578 obici,
363 1511 527 1564 etiam
564 1510 834 1563 contrario
872 1529 928 1563 se
964 1512 1184 1563 nomine
1225 1510 1497 1563 laborare:
1541 1510 1786 1578 fortasse,

101 1582 367 1662 auinquit,
442 1581 708 1649 queritur,
770 1580 913 1650 quod
975 1584 1190 1649 captum
1245 1599 1380 1665 ³non
1452 1579 1784 1634 redemerim.

166 1653 387 1706 adiecit:
425 1648 531 1703 οὐκ
571 1650 744 1718 ἐχρῆν
783 1649 1025 1718 λύτρων·
1066 1660 1195 1713 παῖς
1229 1669 1319 1718 ην.
1370 1654 1425 1703 et
1450 1668 1572 1704 cum
1595 1654 1790 1704 tracta·

167 1728 250 1775 ret
286 1723 343 1775 in
381 1721 572 1775 ultima
608 1725 760 1790 parte
798 1721 988 1774 debere
1037 1725 1246 1790 patrem
1285 1721 1450 1774 etiam
1486 1722 1621 1775 uitia
1656 1721 1787 1775 libe-

168 1811 350 1846 rorum
387 1791 552 1860 ferre,
602 1791 786 1860 utique
824 1791 882 1844 in
930 1792 1089 1845 unico
1101 1834 1115 1860 ,
1166 1791 1384 1844 adiecit:
1433 1793 1789 1859 πεπείρασαι,

169 1861 374 1929 πάτερ,
424 1860 507 1914 ὅτι
555 1861 650 1912 καὶ
699 1859 947 1930 πονηρὸς
995 1862 1177 1915 ἐνίοτε
1218 1860 1339 1923 υἱός
1386 1861 1543 1915 ἐστιν
1583 1859 1787 1932 εὔχρη-

105 1948 149 1980 25
171 1947 315 1995 στος.
391 1934 645 1984 ARTEMO
684 1931 741 1983 in
779 1931 1137 2001 descriptione
1172 1932 1506 2001 tempestatis
1543 1932 1791 1986 laudatus

170 2008 251 2056 est
288 2008 341 2056 et
378 2002 516 2055 belle
548 2002 771 2054 accessit
797 2002 863 2055 ad
902 2020 1045 2056 eam:
1084 2000 1190 2072 τήν
1226 2006 1329 2055 τοῦ
1370 2000 1794 2071 εὐπλοήσαντος

256 2133 276 2172 1
311 2133 547 2186 respectat
576 2131 608 2169 Ο
647 2130 663 2183 ΙΙ
713 2130 976 2172 humanitas
1008 2133 1037 2172 c
1085 2130 1103 2184 ΙΙ
1137 2134 1163 2173 3
1195 2129 1332 2185 haec]
1369 2144 1426 2172 ex
1457 2131 1489 2170 0
1537 2129 1555 2185 ΙΙ
1606 2134 1791 2173 senten-

169 2190 234 2244 tie
263 2188 301 2228 Α
321 2186 340 2241 Ι
359 2189 386 2228 4
414 2199 479 2241 eq.
512 2197 688 2228 tonora
720 2199 875 2228 uma
905 2201 995 2228 ‘run
1028 2199 1232 2229 asemon
1263 2200 1385 2229 aaut»
1419 2185 1527 2242 [-π
1559 2186 1646 2242 TV]
1679 2199 1792 2229 woa-

170 2254 287 2287 ιειιε
308 2254 579 2286 nacti-zexan
601 2255 826 2286 arca-reru
838 2245 887 2298 0,
907 2237 1099 2286 ἐνάλιον
1110 2236 1321 2298 (ἀνέμων
1331 2242 1510 2296 Schult.)
1524 2244 1672 2292 Gron„
1685 2245 1796 2299 κλη-

171 2292 413 2352 ροσᾰμενε
444 2299 492 2342 0.
510 2300 622 2344 Ialm
643 2299 661 2353 ΙΙ
692 2312 1034 2343 namon-onoc
1064 2302 1102 2341 Δ
1132 2313 1402 2343 'reon-ronco
1433 2298 1551 2355 'l'Vss
1582 2311 1702 2343 uera
1732 2299 1796 2342 bis

170 2368 255 2397 scr.
285 2356 346 2403 V.
387 2362 454 2397 ter
483 2357 518 2396 'l'
556 2355 575 2410 Ι
615 2370 815 2399 αικιιοοκ
846 2358 876 2397 0
916 2355 933 2410 ΙΙ
969 2360 993 2399 ’1
1026 2357 1306 2411 archipirata
1335 2359 1369 2398 ‘1'
1409 2355 1425 2410 ΙΙ
1462 2358 1487 2398 9
1518 2357 1796 2410 rogabamus

172 2410 243 2465 01
267 2414 318 2452 10
347 2417 399 2452 ut
427 2425 504 2453 om,
526 2414 556 2453 0
577 2412 595 2467 Ι
615 2413 854 2456 occiderer
883 2415 983 2454 c'ra
1004 2412 1020 2467 ΙΙ
1045 2416 1092 2454 11
1127 2427 1198 2455 me
1231 2414 1341 2467 quia
1373 2414 1418 2463 0,
1449 2426 1568 2457 corr.
1593 2412 1665 2455 W.
1684 2414 1798 2456 Miu-

171 2470 237 2508 ter
256 2466 275 2520 Ι
298 2469 349 2509 12
381 2466 439 2508 ad
469 2481 547 2510 om.
565 2469 599 2510 B
619 2467 637 2522 ΙΙ
658 2481 748 2511 non
769 2473 875 2511 tunc
905 2470 982 2522 rb,
1015 2483 1136 2511 nunc
1158 2482 1248 2512 uon
1279 2470 1350 2514 W.
1364 2469 1525 2511 Miiller
1545 2467 1562 2523 11
1586 2470 1638 2510 16
1662 2481 1796 2512 sensu

172 2525 203 2563 0
222 2522 240 2577 Ι
263 2523 377 2578 §mlo
407 2524 518 2565 Δῗι
547 2526 749 2577 proemio
778 2525 858 2568 BV
878 2525 895 2580 ΙΙ
920 2528 970 2568 17
1001 2526 1181 2568 diceres
1214 2528 1243 2566 0
1264 2524 1280 2580 ΙΙ
1303 2538 1384 2567 sue
1406 2528 1467 2567 'rb
1489 2523 1506 2580 ΙΙ
1526 2525 1709 2568 luxuria
1740 2527 1796 2567 ET>

173 2580 286 2620 AVa
316 2579 494 2621 luxoria
526 2582 582 2623 δῖε
611 2582 645 2622 Β
665 2580 683 2635 Ι
707 2583 758 2623 18
789 2583 877 2623 sini
899 2583 934 2623 B
964 2585 1050 2625 cufi
1070 2583 1108 2623 Δ
1128 2581 1145 2637 ΙΙ
1170 2584 1220 2624 19
1251 2584 1508 2624 contrarios
1529 2594 1578 2623 se
1609 2582 1794 2624 minime

171 2636 228 2684 0,
260 2649 376 2678 corr.
410 2636 463 2677 Ν.
499 2636 676 2691 Modum
704 2635 901 2690 nabore
930 2639 969 2679 A
997 2637 1014 2692 u
1042 2641 1099 2681 20
1129 2638 1379 2681 redemerit
1407 2639 1455 2691 0,
1486 2651 1599 2681 corr.
1621 2638 1751 2682 Burs.
1780 2635 1795 2689 11

171 2695 222 2733 21
258 2705 349 2733 ou
383 2702 691 2734 ectxexarrou
723 2705 913 2737 nemeen
949 2693 1156 2748 [nawen
1188 2691 1246 2750 A]
1281 2695 1326 2746 0,
1350 2708 1464 2736 corr.
1498 2694 1544 2736 0.
1569 2695 1682 2737 ΙαΙιπ
1702 2692 1718 2748 ss
1740 2695 1795 2734 23

172 2746 379 2802 πεη[ηειι
408 2745 669 2801 Aleuae-c
699 2750 731 2790 0
770 2749 788 2802 Ι
827 2752 880 2792 24
914 2762 994 2792 tax
1029 2763 1243 2793 πυκινοῦ
1275 2762 1423 2794 sonex
1456 2749 1608 2806 [snex
1638 2752 1677 2791 Δ
1706 2760 1794 2792 nex

171 2802 230 2859 V]
271 2816 380 2846 noc
421 2814 549 2847 εοτικ
581 2818 808 2848 εηνιιοσ
840 2803 967 2861 [ulos
996 2807 1034 2848 Δ
1066 2808 1195 2849 nLoc
1228 2805 1283 2861 V]
1313 2808 1359 2857 0,
1389 2821 1503 2849 corr.
1533 2807 1663 2849 Bure.
1694 2805 1710 2858 11
1741 2806 1796 2847 26

172 2874 352 2904 inno*
385 2871 749 2904 unco-canroc
782 2874 988 2904 οκιιτοτκ
1023 2860 1158 2916 [τοττι
1191 2859 1294 2919 AV]
1328 2863 1375 2915 0,
1405 2877 1521 2905 corr.
1553 2862 1682 2906 Burs.
