1936 3100
209 132 312 186 388
343 177 362 181 „
727 130 963 175 ANNAEI
987 129 1265 174 SENECAE
1609 146 1652 187 p.
1670 134 1752 176 431
1771 135 1824 176 B.

211 258 394 311 uultus
433 256 608 310 index,
647 274 806 309 nemo
833 273 1091 325 umquam
1129 255 1273 325 quod
1299 257 1468 324 cupiit
1504 256 1678 310 deflet.
1728 257 1824 310 La·

209 328 404 381 crimae
463 327 634 381 coacti
681 327 880 380 doloris
926 327 1071 379 intra
1115 327 1427 395 praecordia
1475 330 1530 380 et
1575 327 1826 380 intolera-

207 399 332 452 bilis
387 398 589 452 silentii
645 398 871 466 eruptiO.
947 395 1035 450 Sic
1082 397 1173 449 ille
1223 397 1317 466 qui
1374 416 1533 467 super
1590 399 1826 451 cinerem

209 470 368 523 defiet
404 468 805 538 patrimonium,
845 467 958 521 odit
994 467 1326 536 incendium3
1367 468 1442 521 sic
1481 469 1573 537 qui
1610 468 1825 521 naufra-

209 540 359 611 gium
406 540 588 607 deflet,
644 539 815 591 maria
869 538 1205 591 detestatur.-
1251 538 1408 591 fletus
1463 538 1822 592 humanarum
1844 554 1864 587 5

207 611 589 663 necessitatum
643 608 948 662 uerecunda
995 609 1258 662 execratio
1308 616 1402 662 est.
1477 609 1623 662 Tuae
1680 627 1825 662 nunc

209 684 337 734 sunt
382 684 560 749 partes
570 722 587 747 ,
634 679 840 749 puella3
898 679 1111 732 discedo
1160 682 1213 732 et
1259 679 1403 748 quod
1456 681 1605 748 prius
1665 681 1826 733 etiam

208 751 340 820 feci,
378 755 547 804 taceo,
623 752 668 803 si
714 754 885 819 nupta
932 767 986 802 es
998 791 1012 818 ,
1052 749 1215 802 habes
1255 749 1399 818 quod
1437 754 1614 819 optes,
1665 751 1709 802 si
1746 750 1825 802 ui-

208 822 360 890 tiata,
399 822 544 890 quod
580 821 827 889 imperes,

314 892 447 945 Pars
495 892 678 944 altera.
752 891 1092 961 Naufragum
1141 890 1246 943 duo
1286 891 1646 943 sacratissima
1685 890 1826 943 inter
1850 908 1890 940 10

207 963 456 1016 homines
493 966 828 1031 acceperunt,
867 961 1163 1030 hospitium
1190 964 1244 1013 et
1280 960 1551 1015 adfinitas:
1592 961 1822 1014 alterum

210 1033 473 1102 praestiti,
513 1033 740 1085 alterum
779 1033 940 1084 etiam
977 1031 1182 1100 rogaui.
1247 1030 1466 1084 Oblatas
1506 1032 1824 1084 conciliante

210 1104 431 1157 fortuna
466 1103 700 1172 nuptias,
740 1102 883 1171 quod
922 1105 1036 1154 erat
1073 1101 1301 1154 amantis
1311 1142 1326 1170 ,
1365 1102 1575 1170 saepius
1621 1102 1825 1171 rogaui,

210 1175 355 1242 quod
391 1173 715 1241 festinantis,
752 1191 866 1224 non
904 1172 1104 1224 distuli.
1158 1171 1295 1233 Quid
1331 1173 1420 1224 hic
1457 1172 1688 1240 raptoris
1728 1175 1823 1240 est,

210 1244 317 1296 nisi
355 1243 500 1311 quod
545 1242 846 1295 indotatam
893 1242 1059 1294 duxi?
1131 1241 1294 1294 Errat
1339 1259 1489 1295 socer
1527 1242 1620 1310 qui
1672 1246 1827 1310 putat
1851 1259 1891 1292 15

209 1314 346 1367 mihi
383 1314 643 1367 cariorem
678 1313 915 1365 futuram
951 1312 1216 1381 puellam,
1264 1311 1309 1363 si
1346 1330 1431 1365 me
1468 1313 1705 1381 potuerit
1742 1330 1826 1365 oc-

210 1385 401 1438 cidere.
478 1384 615 1446 Quid
653 1384 797 1436 enim
835 1381 1115 1452 superest?
1170 1399 1352 1450 preces
1389 1400 1538 1435 meae
1577 1400 1709 1451 quas
1746 1386 1828 1435 to-

210 1456 353 1509 tiens
392 1454 613 1508 adhibui
650 1473 719 1507 an
758 1454 912 1506 istius
950 1453 1201 1506 lacrimae
1241 1470 1372 1520 quas
1409 1451 1599 1505 moui?
1672 1451 1827 1506 Nihil

211 1596 443 1667 Magnus
493 1598 573 1648 est
620 1613 771 1648 amor
808 1595 900 1664 qui
939 1612 1003 1647 ex
1047 1593 1412 1647 misericordia
1447 1593 1613 1646 uenit.
1687 1593 1827 1645 Fun·
1849 1611 1891 1644 20

211 1667 467 1720 debamus
503 1666 749 1719 lacrimas
788 1683 853 1718 ex
888 1665 1222 1734 paenitentia
1247 1664 1455 1717 discidii
1491 1664 1686 1732 prioris
1724 1681 1824 1716 nec

209 1738 366 1807 plura
402 1740 496 1791 aut
531 1755 616 1789 me
653 1737 905 1806 proloqui
942 1739 1036 1788 aut
1082 1735 1245 1787 istum
1281 1734 1603 1804 respondere
1640 1751 1825 1803 passae

211 1812 339 1861 sunt
394 1811 601 1860 mentes
650 1807 860 1877 gaudiis
908 1808 1213 1874 occupatae.
1265 1807 1283 1875 ΙΙ
1333 1805 1499 1858 Nulla
1544 1805 1826 1874 integritas

209 1882 423 1932 tantum
449 1878 552 1931 sibi
590 1879 751 1931 etiam
778 1877 1054 1946 explorata
1090 1876 1327 1945 confidit,
1358 1879 1419 1928 ut
1444 1893 1658 1928 causam
1694 1875 1828 1927 uelit

213 1949 403 2002 dicere.
479 1948 536 2002 Si
573 1947 989 2018 interrogaueris
1026 1948 1218 2015 filiam,
1255 1950 1464 2016 partem
1499 1945 1633 2015 legis
1670 1945 1824 2014 inpu-
1847 1960 1889 1994 25

210 2023 420 2072 taturus
459 2037 541 2087 es3
581 2020 627 2071 si
663 2037 775 2071 non
811 2017 1254 2087 interrogaueris,
1293 2018 1483 2088 legem.
1532 2015 1590 2069 Si
1626 2032 1823 2085 genero

210 2091 381 2142 uit-am
419 2090 638 2143 daturus
677 2092 838 2157 esset,
889 2089 1052 2140 etiam
1099 2088 1466 2141 innocentiam
1503 2085 1821 2152 reliquisset.

213 2159 497 2229 QuaeritiS,
537 2160 666 2229 quid
703 2160 830 2211 dum
866 2159 1018 2211 fleret
1053 2157 1282 2211 fecerit?
1332 2175 1444 2210 non
1480 2155 1731 2224 negauit3
1772 2159 1825 2207 et

212 2231 420 2283 solebat
465 2248 690 2300 negare,
745 2230 790 2281 si
835 2229 1020 2280 nollet.
1095 2226 1327 2280 Mortem
1382 2228 1660 2295 optaturus
1715 2228 1821 2293 est3

210 2318 324 2353 non
371 2301 515 2353 enim
567 2302 747 2368 potest
794 2316 880 2350 eas
927 2300 1104 2365 partes
1160 2298 1294 2368 legis
1344 2296 1640 2350 desiderare
1691 2313 1821 2364 quas
1845 2311 1886 2345 30

210 2370 387 2423 habet.

328 2557 348 2594 1
384 2554 510 2607 cupit
539 2555 604 2602 M,
637 2566 753 2597 corr.
793 2553 866 2593 W.
898 2553 1055 2592 Millber
1091 2550 1106 2604 ΙΙ
1142 2556 1170 2595 4
1210 2554 1275 2594 sic
1305 2567 1382 2595 om.
1413 2554 1486 2592 Ma
1506 2551 1522 2605 ΙΙ
1547 2553 1597 2592 12
1631 2551 1824 2592 alteram

214 2611 352 2652 etiam
386 2612 508 2652 Burs.
531 2608 547 2663 ΙΙ
573 2611 622 2651 18
654 2622 768 2662 quos
799 2611 844 2647 Μ
866 2606 881 2661 ΙΙ
903 2609 1012 2649 noui
1035 2610 1054 2649 ἱ)
1078 2606 1093 2661 ΙΙ
1116 2610 1170 2652 29
1202 2610 1439 2651 obtaturus
1471 2610 1512 2648 Μ
