1976 3054
207 105 274 158 78
738 101 971 146 ANNAm
995 99 1277 158 ,SENECAE
1628 115 1673 156 p,
1693 102 1748 143 65
1769 102 1822 144 B.

123 235 190 284 2Ο
209 230 329 282 dem
367 228 642 281 fortunam
678 227 885 295 fratriS,
935 225 1026 278 sed
1076 242 1292 276 causam
1330 224 1640 294 adgrauare.
1714 225 1824 277 BV—

207 313 421 352 TEONIS
462 299 696 352 colorem
732 316 845 350 non
883 296 1148 364 probabat
1171 294 1365 347 Latro:
1402 296 1731 363 praestitisse
1769 314 1823 348 se

208 370 344 423 dixit
381 370 657 439 exiguum,
705 371 919 419 tantum
968 384 1073 434 quo
1122 365 1368 433 spiritum
1414 367 1596 434 posset
1631 368 1825 434 produ-

209 458 355 508 cere3
396 443 451 492 et
489 458 610 492 cum
649 437 1012 505 descripsisset
1048 436 1308 504 pallorem
1348 437 1459 488 eius
1497 454 1560 488 ac
1596 437 1823 488 maciem

208 511 426 563 adiecit:
476 511 700 577 apparet
736 508 890 559 illum
929 507 995 559 ab
1034 506 1267 559 inimicis
1315 507 1400 559 ali.
1478 506 1639 559 Hunc
1679 507 1820 559 0010-
1845 526 1866 558 5

208 599 321 634 rem
360 599 482 633 cum
519 579 850 647 improbaret
874 577 1075 629 LATRO
1114 577 1214 629 hac
1252 577 1516 629 sententia
1552 596 1678 629 usus
1718 580 1823 629 est:

207 669 321 704 non
360 655 463 718 est,
502 649 703 717 inquit,
755 648 998 700 abdicato
1051 647 1338 715 quicquam
1386 665 1450 699 ex
1499 648 1674 716 gloria
1724 648 1823 699 cri-

207 721 368 773 minis
419 721 500 772 sui
548 719 951 771 detrahendum.
1035 717 1334 771 HISPANVS
1389 717 1536 769 hunc
1591 718 1826 770 colorem

208 791 513 859 uenustius3
564 809 690 842 nam
738 792 792 842 613
837 789 1171 841 miserationi
1217 788 1329 839 eius
1380 788 1471 856 qui
1518 806 1633 840 non
1677 788 1825 839 beni-

209 861 463 931 gnissime
511 861 673 913 alitur
711 860 904 912 adiecit
941 859 1142 927 aliquid
1180 861 1234 911 et
1282 858 1470 925 pietati
1517 876 1641 910 suae
1687 858 1824 910 nihil
1850 877 1888 908 ιο

209 932 465 983 detraxit:
494 931 760 1000 quomodo
790 933 995 998 autem,
1020 930 1223 997 inquit,
1260 928 1414 980 illum
1441 928 1566 981 alo?
1606 929 1826 998 exiguos

204 1002 410 1054 furtiue
451 1002 597 1054 cibos
634 1001 791 1053 mitto
832 1003 885 1052 et
931 1001 975 1052 si
1014 999 1142 1068 quid
1180 999 1243 1051 de
1279 1016 1466 1051 mensa
1503 1017 1621 1051 mea
1659 999 1828 1051 detra-

208 1073 337 1125 here
375 1072 530 1140 potui
567 1071 817 1124 famelico
858 1071 971 1123 seni
1008 1071 1245 1139 porrigo.
1309 1068 1362 1122 N
1367 1087 1438 1122 on
1486 1069 1655 1122 credis
1666 1111 1680 1138 ,
1732 1070 1825 1137 qui

38 1192 43 1198 .
126 1146 191 1194 21
212 1143 314 1195 scis
352 1143 620 1210 quomodo
658 1145 712 1194 te
752 1141 1014 1194 aluerim‘?
1083 1139 1331 1194 Colorem
1370 1158 1434 1192 ex
1472 1141 1639 1191 altera
1675 1143 1827 1208 parte

211 1231 345 1281 quae
385 1213 567 1264 durior
605 1215 686 1264 est
720 1212 921 1264 LATRO
962 1212 1142 1263 aiebat
1188 1212 1334 1263 hunc
1371 1210 1728 1279 sequendum,
1767 1213 1829 1262 ut
1850 1226 1891 1260 15

209 1283 650 1352 grauissimarum
707 1282 1026 1334 iniuriarum
1081 1281 1433 1334 inexorabilia
1480 1284 1531 1332 et
1587 1280 1829 1332 ardentia

210 1353 582 1406 induceremus
639 1352 779 1405 odia.
865 1352 1130 1420 Thyesteo
1189 1369 1337 1404 more
1393 1351 1566 1403 aiebat
1620 1353 1828 1418 patrem

209 1442 323 1476 non
369 1424 526 1476 irasci
583 1425 796 1475 tantum
843 1423 1057 1490 debere,
1118 1422 1210 1474 sed
1255 1421 1448 1473 furere.
1530 1421 1650 1489 Ipse
1699 1422 1829 1489 <in>

58 1508 189 1585 prag.
216 1494 599 1547 declamatione
638 1512 763 1546 usus
802 1496 882 1546 est
918 1493 1139 1545 summis
1179 1492 1499 1545 clamoribus
1536 1492 1630 1544 illo
1669 1510 1828 1544 uersu

41 1560 199 1626 inssffgffiss‘,
214 1565 446 1633 tragico:
490 1564 628 1617 ‘Cur
671 1564 815 1633 fugit
850 1563 1112 1616 fratrem?
1161 1563 1260 1615 scit
1297 1563 1458 1630 ipse'.
1534 1561 1694 1615 Hunc
1742 1580 1825 1614 co-
1849 1579 1890 1611 20

39 1635 191 1720 sssffl?
213 1634 383 1687 lorem
438 1638 647 1687 secutus
704 1633 988 1687 SYRIACVS
1044 1633 1308 1686 VALLIVS
1365 1633 1556 1684 durum
1613 1651 1828 1684 sensum

33 1751 36 1755 .
158 1700 166 1711 ’
212 1705 494 1758 uidebatur
518 1724 630 1758 non
657 1706 785 1757 dure
810 1705 1051 1772 posuisse
1077 1704 1135 1756 in
1160 1704 1468 1756 narratione
1507 1704 1605 1755 sic:
1652 1703 1829 1754 infeli-

211 1775 477 1828 cissimam
505 1777 661 1828 ambo
689 1778 742 1828 et
766 1774 1126 1827 tristissimam
1158 1774 1364 1843 egimus
1400 1773 1584 1841 uitam,
1606 1776 1827 1841 excepto

211 1847 393 1915 <11110>
432 1846 575 1914 quod
612 1846 747 1898 alter
785 1845 1013 1897 alterum
1052 1847 1301 1914 egentem
1336 1843 1583 1897 uidimus.
1641 1844 1827 1911 Aeque

213 1916 502 1969 efficaciter
541 1916 723 1969 odium
747 1916 1031 1968 uidebatur
1056 1915 1374 1983 expressisse
1399 1914 1699 1966 fraternum
1723 1914 1825 1966 hac
1850 1928 1892 1962 25

211 1987 503 2040 sententia:
541 2006 664 2055 1108,
704 1986 904 2039 iudices
915 2028 929 2055 ,
969 1987 1146 2038 audite
1175 2004 1335 2054 quam
1360 1984 1516 2037 ualde
1557 1985 1826 2054 eguerim:

127 2063 193 2112 22
210 2057 433 2110 fratrem
469 2058 676 2127 rogaui.
714 2057 870 2110 Hanc
906 2059 1116 2124 partem
1153 2055 1373 2108 memini
1412 2054 1552 2122 apud
1591 2054 1828 2108 Cestium

213 2126 498 2180 declamari
536 2129 602 2180 ab
622 2130 810 2180 ALFIO
838 2126 1056 2195 FLAVO7
1096 2126 1162 2178 ad
1194 2144 1352 2194 quem
1383 2124 1705 2177 audiendum
1742 2143 1828 2178 me

211 2197 357 2249 fama
392 2198 736 2266 perduxerat3
779 2198 871 2266 qui
910 2215 1030 2249 cum
1067 2199 1433 2264 praetextatus
1471 2198 1609 2247 esset
1645 2198 1827 2248 tantae

213 2267 484 2336 opinionis
522 2269 650 2337 fuit,
698 2272 759 2320 ut
804 2267 1006 2336 populo
1045 2266 1291 2319 Romano
1339 2284 1473 2334 puer
1519 2266 1827 2333 eloquentia
1847 2281 1888 2313 30

326 2397 351 2436 2
383 2409 432 2437 86
464 2410 540 2438 om.
571 2397 604 2436 B
627 2394 643 2449 ΙΙ
666 2399 690 2437 5
723 2397 896 2437 adiciet
926 2398 954 2435 C
976 2393 990 2449 ΙΙ
1015 2398 1038 2437 7
1071 2397 1282 2447 cuiquam
1316 2397 1450 2435 cs'ra
1471 2393 1486 2447 ΙΙ
1509 2397 1534 2435 9
1565 2408 1656 2436 non
1687 2396 1768 2437 del.
1792 2395 1830 2434 A

211 2466 262 2492 m.
293 2465 407 2502 rec„
439 2466 516 2494 om.
557 2456 590 2493 Τ
619 2451 634 2506 ΙΙ
664 2453 1006 2505 benignussime
1040 2454 1068 2491 G
1098 2450 1112 2505 ΙΙ
1148 2454 1199 2492 11
1233 2451 1434 2492 detrahit
1464 2453 1492 2490 0
1528 2449 1543 2503 Η
1582 2453 1632 2490 12
1665 2450 1719 2490 de
1754 2450 1829 2491 de-

212 2521 368 2549 menso
400 2523 499 2550 meo
533 2510 584 2550 N.
609 2510 752 2550 Faber
774 2507 789 2562 ΙΙ
813 2510 922 2561 quia
944 2510 1079 2548 csTa
1100 2507 1114 2562 ΙΙ
1139 2510 1190 2549 15
1212 2508 1332 2548 ultro
1355 2510 1382 2547 C
1412 2509 1555 2547 Latro
1578 2508 1631 2547 N.
1653 2507 1795 2548 Faber
1815 2505 1831 2556 Η

215 2566 268 2606 16
309 2565 563 2606 exorabssia
608 2567 641 2605 Β
678 2565 693 2619 ΙΙ
732 2566 1056 2606 ardentissima
1094 2566 1311 2617 Schzcltiny
1346 2562 1362 2617 ΙΙ
1402 2566 1451 2605 17
1498 2564 1589 2604 ties
1637 2576 1759 2604 more
1801 2564 1829 2601 C

215 2621 348 2675 ties}
369 2626 447 2663 teo
469 2621 636 2676 3²more
667 2626 699 2662 Τ
731 2620 745 2675 ΙΙ
780 2624 832 2664 18
862 2622 1020 2662 irascit
1054 2623 1081 2660 G
1111 2619 1126 2674 ΙΙ
1156 2622 1203 2660 in
1236 2635 1315 2662 om.
1350 2621 1379 2659 0
1410 2618 1425 2672 Η
1466 2622 1517 2660 19
1550 2619 1828 2659 clamaribus

212 2679 250 2717 A
271 2675 286 2730 ΙΙ
328 2680 383 2720 20
412 2679 537 2733 fugis
569 2679 613 2730 Ο,
646 2692 759 2719 corr.
791 2678 1004 2719 Bac-hezer
1034 2677 1050 2731 ΙΙ
1091 2680 1143 2718 21
1176 2677 1352 2719 Vallius
1385 2677 1474 2716 dux
1506 2679 1568 2715 Ta
1597 2674 1612 2727 ΙΙ
1654 2676 1707 2714 22
1738 2688 1830 2715 11011
1974 2710 1976 2731 3

214 2734 324 2774 durfi
356 2735 428 2773 As
451 2733 466 2788 ΙΙ
495 2737 550 2776 23
581 2748 670 2775 11110
703 2737 854 2778 addidi
882 2737 975 2776 coll.
1006 2749 1048 2787 p.
1082 2736 1149 2783 73,
1185 2736 1209 2774 7
1232 2731 1247 2786 ΙΙ
1270 2735 1324 2774 25
1354 2736 1595 2786 paternum
1627 2732 1679 2781 Ο,
1711 2744 1827 2772 corr.
1974 2736 1976 2785 ξ

214 2790 362 2832 Schott
396 2789 412 2844 ΙΙ
453 2792 538 2845 hec
568 2792 605 2830 A
645 2789 660 2844 ss
700 2794 754 2832 27
786 2795 967 2844 patrem
998 2794 1096 2831 STa
1124 2789 1140 2843 ΙΙ
1169 2790 1289 2830 hanc
1320 2793 1498 2842 patrem
1530 2789 1557 2826 G
1588 2789 1642 2828 28
1676 2786 1829 2828 decla-

214 2848 380 2889 matori
409 2849 508 2887 swa
914 2881 934 2890 ,
