1942 3034
109 0 143 14 ...2
528 0 611 28 5,-

0 0 66 263 f
109 146 154 186 p.
171 133 252 175 189
265 132 320 176 Β.
414 129 1020 175 CONTROVERSIARVM
1047 130 1167 174 LIB.
1187 130 1289 174 vn.
1321 131 1343 171 1
1365 127 1474 183 (16).
1619 127 1728 183 305

0 265 13 349 ᾖ·
108 257 487 326 postulantem.
550 254 734 309 Obicis
770 254 906 308 mihi
941 254 1242 308 molliorem
1280 254 1547 307 animum:
1585 254 1724 308 alius

0 351 12 389 t
108 328 296 380 mitior
330 331 437 396 est,
484 327 606 395 plus
644 344 806 396 quam
843 325 1024 394 debet,
1061 324 1197 378 alius
1234 324 1473 376 seuerior
1510 342 1672 393 quam
1707 325 1723 395 Η

107 415 323 451 11606886
360 402 467 466 est,
514 396 702 450 mediis
739 396 876 448 alius
915 394 1212 448 adfectibus
1257 393 1400 446 inter
1435 397 1724 463 utrumque

108 468 316 537 positus
362 472 511 521 totus
556 468 615 520 in
660 484 757 518 sua
803 469 1067 534 potestate
1113 467 1208 518 est.
1282 463 1500 533 quidam
1554 468 1608 517 et
1644 482 1726 517 ac·

65 553 87 584 5
110 555 294 590 0118816
331 542 387 591 et
422 537 676 590 damnare
713 539 940 604 possunt
978 539 1033 588 et
1066 534 1321 603 occidere,
1360 533 1579 604 quidam
1614 537 1727 587 tam

108 609 266 660 mites
302 611 430 660 sunt
465 611 527 659 ut
561 625 677 659 non
713 607 923 674 possint
958 606 1015 659 in
1053 609 1216 675 caput
1248 623 1318 658 ne
1354 604 1728 658 testimonium

107 677 323 747 quidem
349 677 538 731 dicere.
589 676 718 729 Non
751 694 971 745 possum
1008 676 1283 729 hominem
1321 675 1585 729 occidere:
1622 675 1728 728 hoc

108 748 300 801 uitium
339 752 394 800 et
442 751 573 816 aput
618 747 818 816 piratas
865 747 1156 799 inuenitur.
1230 746 1343 798 Alii
1389 746 1574 798 uiuere
1611 745 1728 798 sine

0 887 1 890 Ἴ
109 818 434 887 reipublicae
489 817 955 870 administratione
1009 835 1123 869 non
1177 819 1432 885 possunt,
1489 815 1607 869 aliis
1668 815 1729 868 in

0 929 4 958 ÷
44 904 85 935 10
109 890 321 957 priuato
370 889 536 941 latere
584 892 638 940 et
683 891 834 940 extra
878 905 1093 940 omnem
1140 886 1400 938 inuidiam
1452 886 1728 939 secessisse

107 958 711 1081 3221903¹2⁰ssaffiffl¹31¹3
712 957 1082 1096 *ffssnegssfissssff
1086 974 1220 1078 {11¹}ss
1222 959 1580 1094 &12322551155
1581 973 1730 1078 ῗέἓέ

106 1100 199 1167 qui
236 1101 410 1151 castra
444 1099 654 1166 timent,
693 1100 821 1149 sunt
846 1097 938 1165 qui
965 1096 1301 1149 cicatricibus
1339 1096 1448 1148 suis
1474 1095 1726 1165 gaudent.

107 1169 163 1221 in
200 1172 355 1221 tanta
387 1187 598 1222 morum
624 1167 885 1220 uarietate
922 1166 1099 1219 uidete
1131 1166 1454 1235 quantulum
1489 1167 1558 1219 sit
1583 1166 1728 1235 quod
1747 1173 1813 1220 15

46 1254 87 1286 15
108 1256 379 1292 excusem:
416 1257 529 1291 non
567 1238 869 1305 ambitioni,
901 1255 1021 1290 vnon
1058 1237 1283 1289 inertiae
1321 1238 1537 1289 ueniam
1574 1240 1726 1305 pet03

105 1309 404 1362 misericors
465 1327 607 1376 sum,
669 1326 783 1360 non
843 1325 1063 1376 possum
1135 1306 1375 1360 occidere
1435 1306 1728 1359 hominem.

108 1379 410 1447 Gratulare,
450 1383 616 1448 pater,
655 1382 879 1431 naturae
916 1395 1094 1429 meae:
1131 1395 1428 1446 numquam
1467 1376 1729 1430 eiusmodi

107 1449 248 1502 filius
294 1448 639 1518 parricidium
685 1448 862 1501 faciet.
938 1448 1041 1500 hoc
1089 1447 1283 1500 uitium
1321 1465 1352 1500 a
1400 1450 1454 1499 te
1502 1447 1728 1500 traxisse

108 1519 309 1573 uideor.
382 1538 453 1572 an
515 1537 627 1572 non
689 1518 891 1587 putatis
951 1517 1364 1585 misericordem,
1421 1518 1515 1586 qui
1569 1535 1730 1586 quem

41 1604 84 1637 ιο
107 1590 386 1643 damnauit
420 1588 754 1659 puniendum
790 1588 945 1641 fratri
983 1587 1169 1640 dedit?
1217 1587 1472 1641 Centurio
1511 1586 1729 1640 Luculli

107 1658 459 1713 Mithridaten
495 1678 609 1713 non
646 1660 826 1728 potuit
862 1657 1100 1712 occidere
1141 1690 1203 1697 -
1245 1657 1431 1710 dextra
1467 1658 1627 1711 simul
1665 1676 1727 1711 ac

106 1748 257 1783 mens
282 1730 527 1800 elanguit
545 1761 600 1769 -
618 1747 716 1799 pro
742 1730 883 1782 bone
907 1729 969 1782 Iu
1010 1729 1166 1798 piter,
1191 1727 1545 1781 Mithridaten
1565 1745 1728 1797 quam

107 1818 220 1854 non
267 1800 488 1853 dubium
535 1799 881 1869 parricidam!
1004 1812 1188 1852 om’m
1227 1798 1482 1852 S1Loms.
1542 1798 1728 1851 Gaude

107 1875 285 1939 pater:
334 1876 524 1924 neuter
559 1873 696 1937 (ex)
733 1870 858 1922 filiis
895 1870 1004 1922 tuis
1041 1869 1387 1938 parricidium
1423 1868 1567 1921 fecit.
1631 1867 1726 1921 Di-

40 1955 84 1988 25
108 1941 227 1993 misi
265 1959 297 1993 a
343 1946 501 2009 portu
548 1940 886 2010 naufragum.
961 1942 1180 2007 <narra,
1228 1943 1404 2009 pater,
1454 1937 1726 2008 quomodo

105 2014 160 2063 te
197 2010 459 2064 dimiserit
505 2011 579 2063 sic
626 2010 927 2077 dimissus.)
1000 2009 1127 2078 Vis,
1164 2014 1343 2079 pater,
1393 2009 1526 2062 scire
1576 2026 1729 2062 aecu-

107 2085 255 2134 sator
290 2082 573 2134 nocentior
597 2082 762 2134 sitan
801 2079 963 2133 reus?
1001 2080 1147 2133 coice
1174 2080 1231 2132 in
1268 2080 1491 2132 alteram
1529 2097 1728 2133 nauem

107 2169 418 2217 nouercam3
477 2151 569 2204 illa
625 2151 787 2204 faciat
838 2154 990 2219 uota,
1039 2154 1313 2219 precetur:
1363 2150 1408 2203 si
1454 2150 1728 2204 neminem

219 2364 246 2403 2
278 2368 325 2404 et
356 2363 458 2416 plus
489 2364 648 2407 Schult.
689 2363 706 2417 ΙΙ
747 2365 896 2406 senior
926 2365 981 2416 0,
1023 2365 1209 2406 saeuior
1241 2363 1371 2405 Burs.
1413 2362 1429 2417 ΙΙ
1470 2367 1496 2405 3
1527 2364 1575 2405 in
1608 2365 1731 2405 inter

109 2417 223 2469 016
254 2419 413 2461 mittes
441 2421 544 2460 οτι
562 2418 579 2472 Ι
600 2421 625 2461 ’1
658 2419 812 2462 dicere
847 2421 1027 2475 quidem
1060 2423 1123 2462 'ra
1150 2419 1167 2474 ΙΙ
1195 2422 1222 2462 8
1253 2424 1394 2474 caput
1420 2421 1459 2460 A
1498 2419 1619 2474 apud
1648 2421 1682 2461 B
1722 2418 1736 2473 u

108 2473 217 2515 111ἰί8
248 2477 313 2515 '1⁸2
351 2474 369 2527 Ι
399 2477 452 2517 10
482 2474 614 2517 litore
646 2478 709 2516 ’τι
746 2475 763 2529 ΙΙ
802 2479 850 2518 11
883 2477 970 2518 8118
1000 2478 1029 2517 c
1059 2475 1076 2531 ΙΙ
1115 2479 1165 2518 16
1197 2476 1426 2518 hominum
1457 2478 1486 2517 0
1515 2474 1532 2530 ΙΙ
1571 2477 1622 2518 17
1655 2489 1730 2530 pa·

109 2530 372 2572 tematulae
403 2530 531 2572 Noae
562 2533 592 2571 ο
631 2536 824 2585 paterne
855 2545 963 2575 cure
995 2547 1127 2575 meae
1159 2535 1192 2573 Τ
1231 2531 1247 2586 ΙΙ
1283 2532 1521 2575 eiusmodo
1551 2533 1589 2572 A
1625 2531 1642 2586 11
1681 2533 1730 2574 19

109 2593 250 2640 putu
279 2588 383 2628 οτι
419 2590 616 2641 putasne
644 2587 734 2635 rb.
772 2601 888 2631 corr.
922 2587 1002 2643 BR
1037 2591 1090 2631 21
1122 2588 1406 2631 metridaten
1446 2592 1479 2630 Τ
1524 2588 1731 2630 mitrida-

109 2649 201 2684 tem
232 2644 261 2682 c
298 2642 315 2694 Ι
351 2644 406 2684 22
445 2656 568 2685 mese
599 2642 781 2698 languit
810 2646 840 2686 0
879 2651 1031 2688 mente
1071 2645 1254 2700 languit
1281 2646 1336 2698 Τ,
1375 2659 1489 2688 corr.
1520 2645 1679 2687 Schull.
1717 2643 1730 2694 ’,Ι

108 2698 292 2740 Plierob
326 2699 440 2740 bone
472 2698 572 2752 ‘ta'
604 2698 883 2743 mettid-ten
914 2703 948 2742 1·
988 2700 1005 2755 ΙΙ
1044 2703 1100 2744 23
1130 2701 1329 2744 nondum
1361 2701 1547 2743 dubium
1580 2700 1732 2755 81124

109 2759 304 2796 necuter
334 2755 423 2797 filiu
453 2757 547 2797 tuis
577 2757 606 2796 0
636 2762 803 2798 neuter
830 2756 950 2800 filius
980 2762 1088 2799 tuns
1118 2761 1179 2811 Τ,
1210 2771 1326 2800 corr.
1359 2758 1396 2798 Ε
1416 2755 1432 2811 ΙΙ
1457 2757 1621 2799 demisi
1651 2760 1684 2797 Τ
1717 2756 1732 2807 Η

109 2812 166 2853 25
194 2824 222 2853 ο
253 2817 386 2866 portu
416 2813 446 2852 0
476 2813 523 2853 in
556 2815 690 2865 portu
721 2814 775 2863 Τ,
804 2826 918 2856 corr.
951 2813 1083 2859 Bm.
1114 2812 1132 2867 Ι
1173 2812 1461 2868 naufragium
1492 2815 1520 2853 0
1552 2811 1568 2866 η
1598 2813 1732 2854 uerba

108 2879 247 2909 narra
278 2898 289 2909 .
313 2900 322 2909 .
346 2899 355 2908 .
389 2867 607 2910 (1118188118
637 2869 704 2910 Mc
733 2871 896 2911 inserui
923 2882 982 2912 eoe
1011 2869 1047 2910 2

14 2951 58 3034 ιζ’,
194 2944 345 2977 Smne*
370 2944 508 2978 rhetor.
1335 2942 1390 2983 20
