<?xml version="1.0" encoding="UTF-8"?>
<!DOCTYPE html PUBLIC "-//W3C//DTD XHTML 1.0 Transitional//EN"
    "http://www.w3.org/TR/xhtml1/DTD/xhtml1-transitional.dtd">
<html xmlns="http://www.w3.org/1999/xhtml" xml:lang="en" lang="en">
 <head>
  <title>
</title>
<meta http-equiv="Content-Type" content="text/html;charset=utf-8" />
  <meta name='ocr-system' content='tesseract 3.04.00' />
  <meta name='ocr-capabilities' content='ocr_page ocr_carea ocr_par ocr_line ocrx_word'/>
</head>
<body>
  <div class='ocr_page' id='page_1' title='image "./oratorumetrhetor00seneuoft/oratorumetrhetor00seneuoft_0371.png"; bbox 0 0 1936 3100; ppageno 0'>
   <div class='ocr_carea' id='block_1_1' title="bbox 35 0 760 71">
    <p class='ocr_par' dir='ltr' id='par_1_1' title="bbox 35 0 760 71">
     <span class='ocr_line' id='line_1_1' title="bbox 35 0 760 71; baseline 0 3029"><span class='ocrx_word' id='word_1_1' title='bbox 35 0 760 71; x_wconf 95' lang='lat' dir='ltr'> </span> 
     </span>
    </p>
   </div>
   <div class='ocr_carea' id='block_1_2' title="bbox 182 123 1796 217">
    <p class='ocr_par' dir='ltr' id='par_1_2' title="bbox 182 123 1796 217">
     <span class='ocr_line' id='line_1_2' title="bbox 182 123 1796 217; baseline -0.002 -10"><span class='ocrx_word' id='word_1_2' title='bbox 182 123 384 217; x_wconf 35' lang='lat'>2227&#39;13.</span> <span class='ocrx_word' id='word_1_3' title='bbox 470 157 1070 203; x_wconf 79' lang='lat' dir='ltr'>CONTROVERSIARVM</span> <span class='ocrx_word' id='word_1_4' title='bbox 1098 159 1219 206; x_wconf 88' lang='lat' dir='ltr'><strong>LIB.</strong></span> <span class='ocrx_word' id='word_1_5' title='bbox 1237 159 1340 203; x_wconf 91' lang='lat' dir='ltr'>VII.</span> <span class='ocrx_word' id='word_1_6' title='bbox 1362 160 1388 200; x_wconf 89' lang='grc'>6</span> <span class='ocrx_word' id='word_1_7' title='bbox 1411 156 1519 212; x_wconf 80' lang='lat'><strong>(21).</strong></span> <span class='ocrx_word' id='word_1_8' title='bbox 1693 158 1796 212; x_wconf 80' lang='lat'>351</span> 
     </span>
    </p>
   </div>
   <div class='ocr_carea' id='block_1_3' title="bbox 102 283 1871 2259">
    <p class='ocr_par' dir='ltr' id='par_1_3' title="bbox 102 283 1871 2259">
     <span class='ocr_line' id='line_1_3' title="bbox 183 283 1799 355; baseline -0.001 -17"><span class='ocrx_word' id='word_1_9' title='bbox 183 289 455 355; x_wconf 80' lang='lat' dir='ltr'>raptorem</span> <span class='ocrx_word' id='word_1_10' title='bbox 492 284 789 338; x_wconf 87' lang='lat' dir='ltr'>serotinum</span> <span class='ocrx_word' id='word_1_11' title='bbox 806 284 835 336; x_wconf 72' lang='grc' dir='ltr'>ἱ)</span> <span class='ocrx_word' id='word_1_12' title='bbox 885 284 1124 338; x_wconf 86' lang='lat' dir='ltr'>Verbum</span> <span class='ocrx_word' id='word_1_13' title='bbox 1161 283 1280 352; x_wconf 82' lang='lat' dir='ltr'>hoc,</span> <span class='ocrx_word' id='word_1_14' title='bbox 1319 284 1471 351; x_wconf 84' lang='lat' dir='ltr'>quasi</span> <span class='ocrx_word' id='word_1_15' title='bbox 1497 287 1628 353; x_wconf 89' lang='lat' dir='ltr'>aput</span> <span class='ocrx_word' id='word_1_16' title='bbox 1664 285 1799 339; x_wconf 89' lang='lat' dir='ltr'>anti-</span> 
     </span>
     <span class='ocr_line' id='line_1_4' title="bbox 183 353 1800 425; baseline 0.001 -18"><span class='ocrx_word' id='word_1_17' title='bbox 183 374 319 425; x_wconf 87' lang='lat' dir='ltr'>quos</span> <span class='ocrx_word' id='word_1_18' title='bbox 355 373 470 408; x_wconf 92' lang='lat' dir='ltr'>non</span> <span class='ocrx_word' id='word_1_19' title='bbox 507 359 821 424; x_wconf 85' lang='lat' dir='ltr'>usurpatum</span> <span class='ocrx_word' id='word_1_20' title='bbox 830 396 845 422; x_wconf 90' lang='lat'><strong><em>,</em></strong></span> <span class='ocrx_word' id='word_1_21' title='bbox 894 353 1210 424; x_wconf 82' lang='lat' dir='ltr'>quibusdam</span> <span class='ocrx_word' id='word_1_22' title='bbox 1259 353 1588 422; x_wconf 70' lang='lat' dir='ltr'>displicebat.</span> <span class='ocrx_word' id='word_1_23' title='bbox 1663 355 1800 408; x_wconf 91' lang='lat' dir='ltr'>eius-</span> 
     </span>
     <span class='ocr_line' id='line_1_5' title="bbox 183 425 1797 496; baseline 0.001 -19"><span class='ocrx_word' id='word_1_24' title='bbox 183 427 302 478; x_wconf 87' lang='lat' dir='ltr'>dem</span> <span class='ocrx_word' id='word_1_25' title='bbox 351 427 503 479; x_wconf 89' lang='lat' dir='ltr'>uerbi</span> <span class='ocrx_word' id='word_1_26' title='bbox 551 426 971 496; x_wconf 84' lang='lat' dir='ltr'>significatione,</span> <span class='ocrx_word' id='word_1_27' title='bbox 1017 429 1081 477; x_wconf 90' lang='lat' dir='ltr'>ut</span> <span class='ocrx_word' id='word_1_28' title='bbox 1127 428 1278 478; x_wconf 83' lang='lat' dir='ltr'>extra</span> <span class='ocrx_word' id='word_1_29' title='bbox 1322 425 1797 493; x_wconf 86' lang='lat' dir='ltr'>reprehensionem</span> 
     </span>
     <span class='ocr_line' id='line_1_6' title="bbox 182 494 1797 564; baseline 0 -15"><span class='ocrx_word' id='word_1_30' title='bbox 182 501 346 564; x_wconf 80' lang='lat' dir='ltr'>esset,</span> <span class='ocrx_word' id='word_1_31' title='bbox 383 515 512 549; x_wconf 87' lang='lat' dir='ltr'>usus</span> <span class='ocrx_word' id='word_1_32' title='bbox 549 502 631 549; x_wconf 87' lang='lat' dir='ltr'>est</span> <span class='ocrx_word' id='word_1_33' title='bbox 667 496 892 549; x_wconf 81' lang='lat' dir='ltr'>GAVIVS</span> <span class='ocrx_word' id='word_1_34' title='bbox 932 494 1183 549; x_wconf 76' lang='lat' dir='ltr'>SABINVS</span> <span class='ocrx_word' id='word_1_35' title='bbox 1230 513 1352 548; x_wconf 89' lang='lat' dir='ltr'>cum</span> <span class='ocrx_word' id='word_1_36' title='bbox 1390 494 1615 563; x_wconf 84' lang='lat' dir='ltr'>diceret,</span> <span class='ocrx_word' id='word_1_37' title='bbox 1662 515 1797 549; x_wconf 91' lang='lat' dir='ltr'>non-</span> 
     </span>
     <span class='ocr_line' id='line_1_7' title="bbox 139 566 1796 635; baseline 0.001 -17"><span class='ocrx_word' id='word_1_38' title='bbox 139 582 159 613; x_wconf 80' lang='lat'>5</span> <span class='ocrx_word' id='word_1_39' title='bbox 181 567 306 619; x_wconf 87' lang='lat' dir='ltr'>dum</span> <span class='ocrx_word' id='word_1_40' title='bbox 356 585 469 619; x_wconf 86' lang='lat' dir='ltr'>esse</span> <span class='ocrx_word' id='word_1_41' title='bbox 519 570 942 619; x_wconf 82' lang='lat' dir='ltr'>consummatam</span> <span class='ocrx_word' id='word_1_42' title='bbox 990 566 1245 619; x_wconf 89' lang='lat' dir='ltr'>aduersus</span> <span class='ocrx_word' id='word_1_43' title='bbox 1290 583 1473 619; x_wconf 82' lang='lat' dir='ltr'>seruos</span> <span class='ocrx_word' id='word_1_44' title='bbox 1525 567 1796 635; x_wconf 85' lang='lat' dir='ltr'>publicam</span> 
     </span>
     <span class='ocr_line' id='line_1_8' title="bbox 180 636 1798 706; baseline 0.002 -18"><span class='ocrx_word' id='word_1_45' title='bbox 180 637 501 689; x_wconf 86' lang='lat' dir='ltr'>uindictam:</span> <span class='ocrx_word' id='word_1_46' title='bbox 540 637 850 690; x_wconf 85' lang='lat' dir='ltr'>etiamnunc</span> <span class='ocrx_word' id='word_1_47' title='bbox 868 637 926 689; x_wconf 94' lang='lat' dir='ltr'>in</span> <span class='ocrx_word' id='word_1_48' title='bbox 946 636 1106 690; x_wconf 92' lang='lat' dir='ltr'>domo</span> <span class='ocrx_word' id='word_1_49' title='bbox 1132 639 1319 690; x_wconf 86' lang='lat' dir='ltr'>nostra</span> <span class='ocrx_word' id='word_1_50' title='bbox 1343 636 1586 690; x_wconf 87' lang='lat' dir='ltr'>residuus</span> <span class='ocrx_word' id='word_1_51' title='bbox 1610 640 1798 706; x_wconf 87' lang='lat' dir='ltr'>raptor</span> 
     </span>
     <span class='ocr_line' id='line_1_9' title="bbox 178 705 1796 776; baseline 0.001 -17"><span class='ocrx_word' id='word_1_52' title='bbox 178 711 273 759; x_wconf 87' lang='lat' dir='ltr'>est.</span> <span class='ocrx_word' id='word_1_53' title='bbox 348 705 721 761; x_wconf 77' lang='lat' dir='ltr'>SATVRNINVS</span> <span class='ocrx_word' id='word_1_54' title='bbox 751 708 768 776; x_wconf 90' lang='grc' dir='ltr'>ΙΙ</span> <span class='ocrx_word' id='word_1_55' title='bbox 796 707 1012 760; x_wconf 84' lang='lat' dir='ltr'>FVRIVS</span> <span class='ocrx_word' id='word_1_56' title='bbox 1051 708 1143 776; x_wconf 92' lang='lat' dir='ltr'>qui</span> <span class='ocrx_word' id='word_1_57' title='bbox 1181 707 1440 760; x_wconf 89' lang='lat' dir='ltr'>Volesum</span> <span class='ocrx_word' id='word_1_58' title='bbox 1476 707 1796 761; x_wconf 88' lang='lat' dir='ltr'>condemna·</span> 
     </span>
     <span class='ocr_line' id='line_1_10' title="bbox 176 777 1834 847; baseline 0.002 -18"><span class='ocrx_word' id='word_1_59' title='bbox 176 778 272 843; x_wconf 87' lang='lat' dir='ltr'>uit,</span> <span class='ocrx_word' id='word_1_60' title='bbox 311 778 483 830; x_wconf 87' lang='lat' dir='ltr'>maius</span> <span class='ocrx_word' id='word_1_61' title='bbox 521 796 721 831; x_wconf 91' lang='lat' dir='ltr'>nomen</span> <span class='ocrx_word' id='word_1_62' title='bbox 758 779 816 830; x_wconf 93' lang='lat' dir='ltr'>in</span> <span class='ocrx_word' id='word_1_63' title='bbox 863 779 982 831; x_wconf 89' lang='lat' dir='ltr'>foro</span> <span class='ocrx_word' id='word_1_64' title='bbox 1022 796 1183 847; x_wconf 87' lang='lat' dir='ltr'>quam</span> <span class='ocrx_word' id='word_1_65' title='bbox 1221 778 1280 830; x_wconf 91' lang='lat' dir='ltr'>in</span> <span class='ocrx_word' id='word_1_66' title='bbox 1317 777 1795 843; x_wconf 75' lang='lat' dir='ltr'>declamationibus</span> <span class='ocrx_word' id='word_1_67' title='bbox 1831 786 1834 789; x_wconf 81' lang='grc'>’</span> 
     </span>
     <span class='ocr_line' id='line_1_11' title="bbox 175 847 1795 919; baseline 0.002 -20"><span class='ocrx_word' id='word_1_68' title='bbox 175 847 391 915; x_wconf 84' lang='lat' dir='ltr'>habuit3</span> <span class='ocrx_word' id='word_1_69' title='bbox 441 848 649 902; x_wconf 88' lang='lat' dir='ltr'>solebat</span> <span class='ocrx_word' id='word_1_70' title='bbox 694 853 877 901; x_wconf 86' lang='lat' dir='ltr'>tamen</span> <span class='ocrx_word' id='word_1_71' title='bbox 924 853 1035 902; x_wconf 88' lang='lat' dir='ltr'>tam</span> <span class='ocrx_word' id='word_1_72' title='bbox 1083 848 1310 902; x_wconf 79' lang='lat' dir='ltr'>honeste</span> <span class='ocrx_word' id='word_1_73' title='bbox 1361 849 1682 919; x_wconf 84' lang='lat' dir='ltr'>declamare,</span> <span class='ocrx_word' id='word_1_74' title='bbox 1734 853 1795 903; x_wconf 89' lang='lat' dir='ltr'>ut</span> 
     </span>
     <span class='ocr_line' id='line_1_12' title="bbox 112 919 1791 989; baseline 0.002 -19"><span class='ocrx_word' id='word_1_75' title='bbox 112 919 337 971; x_wconf 83' lang='lat' dir='ltr'>1·›sci1·es</span> <span class='ocrx_word' id='word_1_76' title='bbox 376 919 530 971; x_wconf 90' lang='lat' dir='ltr'>illum</span> <span class='ocrx_word' id='word_1_77' title='bbox 567 919 693 971; x_wconf 92' lang='lat' dir='ltr'>huic</span> <span class='ocrx_word' id='word_1_78' title='bbox 731 919 984 972; x_wconf 87' lang='lat' dir='ltr'>materiae</span> <span class='ocrx_word' id='word_1_79' title='bbox 1010 937 1123 972; x_wconf 93' lang='lat' dir='ltr'>non</span> <span class='ocrx_word' id='word_1_80' title='bbox 1160 920 1338 971; x_wconf 89' lang='lat' dir='ltr'>minus</span> <span class='ocrx_word' id='word_1_81' title='bbox 1369 919 1624 972; x_wconf 88' lang='lat' dir='ltr'>idoneum</span> <span class='ocrx_word' id='word_1_82' title='bbox 1662 938 1791 989; x_wconf 85' lang='lat' dir='ltr'>esse,</span> 
     </span>
     <span class='ocr_line' id='line_1_13' title="bbox 173 989 1793 1043; baseline 0.001 -2"><span class='ocrx_word' id='word_1_83' title='bbox 173 989 266 1041; x_wconf 84' lang='lat' dir='ltr'>sed</span> <span class='ocrx_word' id='word_1_84' title='bbox 304 990 482 1041; x_wconf 87' lang='lat' dir='ltr'>minus</span> <span class='ocrx_word' id='word_1_85' title='bbox 519 989 855 1041; x_wconf 85' lang='lat' dir='ltr'>familiarem.</span> <span class='ocrx_word' id='word_1_86' title='bbox 930 989 982 1041; x_wconf 89' lang='lat' dir='ltr'>Is</span> <span class='ocrx_word' id='word_1_87' title='bbox 1019 990 1078 1041; x_wconf 92' lang='lat' dir='ltr'>in</span> <span class='ocrx_word' id='word_1_88' title='bbox 1124 989 1225 1042; x_wconf 90' lang='lat' dir='ltr'>hac</span> <span class='ocrx_word' id='word_1_89' title='bbox 1264 990 1634 1042; x_wconf 89' lang='lat' dir='ltr'>controuersia</span> <span class='ocrx_word' id='word_1_90' title='bbox 1671 1009 1793 1043; x_wconf 90' lang='lat' dir='ltr'>cum</span> 
     </span>
     <span class='ocr_line' id='line_1_14' title="bbox 172 1057 1793 1128; baseline 0.001 -17"><span class='ocrx_word' id='word_1_91' title='bbox 172 1059 233 1111; x_wconf 89' lang='lat' dir='ltr'>L.</span> <span class='ocrx_word' id='word_1_92' title='bbox 275 1059 492 1111; x_wconf 85' lang='lat' dir='ltr'>Lamiae</span> <span class='ocrx_word' id='word_1_93' title='bbox 530 1059 642 1112; x_wconf 91' lang='lat' dir='ltr'>filio</span> <span class='ocrx_word' id='word_1_94' title='bbox 681 1059 1017 1127; x_wconf 74' lang='lat' dir='ltr'>declamaret,</span> <span class='ocrx_word' id='word_1_95' title='bbox 1058 1060 1193 1112; x_wconf 86' lang='lat' dir='ltr'>dixit</span> <span class='ocrx_word' id='word_1_96' title='bbox 1231 1061 1578 1112; x_wconf 89' lang='lat' dir='ltr'>sententiam:</span> <span class='ocrx_word' id='word_1_97' title='bbox 1620 1057 1650 1112; x_wconf 91' lang='grc' dir='ltr'>ὁ</span> <span class='ocrx_word' id='word_1_98' title='bbox 1687 1061 1793 1128; x_wconf 80' lang='grc' dir='ltr'>μὲν</span> 
     </span>
     <span class='ocr_line' id='line_1_15' title="bbox 171 1123 1791 1197; baseline 0.002 -16"><span class='ocrx_word' id='word_1_99' title='bbox 171 1123 354 1197; x_wconf 78' lang='grc' dir='ltr'><strong><em>πατὴρ</em></strong></span> <span class='ocrx_word' id='word_1_100' title='bbox 391 1131 598 1197; x_wconf 82' lang='grc' dir='ltr'><strong><em>χείρων</em></strong></span> <span class='ocrx_word' id='word_1_101' title='bbox 634 1130 869 1197; x_wconf 77' lang='grc' dir='ltr'><em>γέγονεν</em></span> <span class='ocrx_word' id='word_1_102' title='bbox 906 1128 1215 1197; x_wconf 76' lang='grc' dir='ltr'><em>τυράννου,</em></span> <span class='ocrx_word' id='word_1_103' title='bbox 1256 1127 1286 1182; x_wconf 85' lang='grc' dir='ltr'>ὁ</span> <span class='ocrx_word' id='word_1_104' title='bbox 1323 1131 1385 1182; x_wconf 83' lang='grc' dir='ltr'>δὲ</span> <span class='ocrx_word' id='word_1_105' title='bbox 1423 1130 1630 1192; x_wconf 79' lang='grc' dir='ltr'><em>δοῦλος</em></span> <span class='ocrx_word' id='word_1_106' title='bbox 1667 1130 1791 1184; x_wconf 84' lang='grc' dir='ltr'><em>ἑαυ-</em></span> 
     </span>
     <span class='ocr_line' id='line_1_16' title="bbox 171 1199 1790 1269; baseline 0.002 -18"><span class='ocrx_word' id='word_1_107' title='bbox 171 1202 289 1254; x_wconf 84' lang='grc' dir='ltr'><strong><em>τοῦ.</em></strong></span> <span class='ocrx_word' id='word_1_108' title='bbox 340 1199 423 1252; x_wconf 85' lang='lat' dir='ltr'>Ex</span> <span class='ocrx_word' id='word_1_109' title='bbox 460 1200 674 1253; x_wconf 86' lang='lat' dir='ltr'>tabellis</span> <span class='ocrx_word' id='word_1_110' title='bbox 701 1201 989 1269; x_wconf 88' lang='lat' dir='ltr'>emptionis</span> <span class='ocrx_word' id='word_1_111' title='bbox 1027 1200 1184 1253; x_wconf 89' lang='lat' dir='ltr'>multi</span> <span class='ocrx_word' id='word_1_112' title='bbox 1212 1202 1537 1254; x_wconf 87' lang='lat' dir='ltr'>sententiam</span> <span class='ocrx_word' id='word_1_113' title='bbox 1575 1203 1790 1255; x_wconf 86' lang='lat' dir='ltr'>trahere</span> 
     </span>
     <span class='ocr_line' id='line_1_17' title="bbox 108 1271 1788 1340; baseline 0.002 -18"><span class='ocrx_word' id='word_1_114' title='bbox 108 1285 148 1316; x_wconf 82' lang='lat'>15</span> <span class='ocrx_word' id='word_1_115' title='bbox 170 1274 277 1322; x_wconf 80' lang='lat' dir='ltr'>tem</span> <span class='ocrx_word' id='word_1_116' title='bbox 317 1274 585 1323; x_wconf 87' lang='lat' dir='ltr'>tauerunt.</span> <span class='ocrx_word' id='word_1_117' title='bbox 637 1273 939 1324; x_wconf 83' lang='lat' dir='ltr'>ALBVCIVS</span> <span class='ocrx_word' id='word_1_118' title='bbox 976 1271 1137 1324; x_wconf 86' lang='lat' dir='ltr'>dixit:</span> <span class='ocrx_word' id='word_1_119' title='bbox 1175 1272 1360 1340; x_wconf 90' lang='lat' dir='ltr'>profer</span> <span class='ocrx_word' id='word_1_120' title='bbox 1384 1271 1520 1324; x_wconf 90' lang='lat' dir='ltr'>mihi</span> <span class='ocrx_word' id='word_1_121' title='bbox 1546 1273 1788 1326; x_wconf 85' lang='lat' dir='ltr'>tabellas.</span> 
     </span>
     <span class='ocr_line' id='line_1_18' title="bbox 207 1340 1786 1414; baseline 0.003 -22"><span class='ocrx_word' id='word_1_122' title='bbox 207 1340 260 1392; x_wconf 92' lang='lat' dir='ltr'>ui</span> <span class='ocrx_word' id='word_1_123' title='bbox 359 1340 462 1393; x_wconf 90' lang='lat' dir='ltr'>hoc</span> <span class='ocrx_word' id='word_1_124' title='bbox 517 1342 636 1394; x_wconf 79' lang='lat' dir='ltr'>est?</span> <span class='ocrx_word' id='word_1_125' title='bbox 696 1358 956 1411; x_wconf 87' lang='lat' dir='ltr'>generum</span> <span class='ocrx_word' id='word_1_126' title='bbox 1019 1360 1169 1395; x_wconf 90' lang='lat' dir='ltr'>socer</span> <span class='ocrx_word' id='word_1_127' title='bbox 1229 1343 1501 1414; x_wconf 89' lang='lat' dir='ltr'>mancipio</span> <span class='ocrx_word' id='word_1_128' title='bbox 1565 1343 1786 1412; x_wconf 88' lang='lat' dir='ltr'>accepit.</span> 
     </span>
     <span class='ocr_line' id='line_1_19' title="bbox 216 1412 1871 1482; baseline 0.004 -20"><span class='ocrx_word' id='word_1_129' title='bbox 216 1424 449 1463; x_wconf 86' lang='lat' dir='ltr'>RIARIVS</span> <span class='ocrx_word' id='word_1_130' title='bbox 488 1412 646 1464; x_wconf 82' lang='lat' dir='ltr'>dixit:</span> <span class='ocrx_word' id='word_1_131' title='bbox 687 1412 1024 1482; x_wconf 83' lang='lat' dir='ltr'>‘fugitiuum,</span> <span class='ocrx_word' id='word_1_132' title='bbox 1074 1431 1320 1482; x_wconf 72' lang='lat' dir='ltr'>erronem</span> <span class='ocrx_word' id='word_1_133' title='bbox 1357 1431 1471 1466; x_wconf 94' lang='lat' dir='ltr'>non</span> <span class='ocrx_word' id='word_1_134' title='bbox 1508 1418 1670 1466; x_wconf 86' lang='lat' dir='ltr'>esse’:</span> <span class='ocrx_word' id='word_1_135' title='bbox 1709 1414 1788 1467; x_wconf 88' lang='lat' dir='ltr'>ita</span> <span class='ocrx_word' id='word_1_136' title='bbox 1804 1421 1871 1470; x_wconf 86' lang='lat'>23</span> 
     </span>
     <span class='ocr_line' id='line_1_20' title="bbox 167 1481 1786 1554; baseline 0.003 -21"><span class='ocrx_word' id='word_1_137' title='bbox 167 1481 211 1533; x_wconf 85' lang='lat' dir='ltr'>si</span> <span class='ocrx_word' id='word_1_138' title='bbox 251 1482 450 1534; x_wconf 90' lang='lat' dir='ltr'>malum</span> <span class='ocrx_word' id='word_1_139' title='bbox 488 1487 762 1535; x_wconf 87' lang='lat' dir='ltr'>auctorem</span> <span class='ocrx_word' id='word_1_140' title='bbox 796 1483 1070 1551; x_wconf 86' lang='lat' dir='ltr'>habemuS,</span> <span class='ocrx_word' id='word_1_141' title='bbox 1109 1501 1276 1554; x_wconf 86' lang='lat' dir='ltr'>gener</span> <span class='ocrx_word' id='word_1_142' title='bbox 1299 1487 1485 1537; x_wconf 85' lang='lat' dir='ltr'>noster</span> <span class='ocrx_word' id='word_1_143' title='bbox 1521 1484 1786 1554; x_wconf 86' lang='lat' dir='ltr'>fugitiuus</span> 
     </span>
     <span class='ocr_line' id='line_1_21' title="bbox 167 1551 1783 1623; baseline 0.003 -20"><span class='ocrx_word' id='word_1_144' title='bbox 167 1552 286 1603; x_wconf 79' lang='lat' dir='ltr'>est?</span> <span class='ocrx_word' id='word_1_145' title='bbox 336 1551 617 1605; x_wconf 81' lang='lat' dir='ltr'>BLANDVS</span> <span class='ocrx_word' id='word_1_146' title='bbox 666 1554 825 1606; x_wconf 88' lang='lat' dir='ltr'>dixit:</span> <span class='ocrx_word' id='word_1_147' title='bbox 878 1554 1178 1623; x_wconf 84' lang='lat' dir='ltr'>relegamus</span> <span class='ocrx_word' id='word_1_148' title='bbox 1234 1554 1570 1608; x_wconf 86' lang='lat' dir='ltr'>auctoritatis</span> <span class='ocrx_word' id='word_1_149' title='bbox 1609 1555 1783 1608; x_wconf 83' lang='lat' dir='ltr'>&#39;tabel-</span> 
     </span>
     <span class='ocr_line' id='line_1_22' title="bbox 102 1621 1781 1694; baseline 0.004 -22"><span class='ocrx_word' id='word_1_150' title='bbox 102 1638 143 1669; x_wconf 80' lang='lat'>20</span> <span class='ocrx_word' id='word_1_151' title='bbox 168 1621 271 1674; x_wconf 85' lang='lat' dir='ltr'>las:</span> <span class='ocrx_word' id='word_1_152' title='bbox 313 1622 501 1675; x_wconf 85' lang='lat' dir='ltr'>‘furtis</span> <span class='ocrx_word' id='word_1_153' title='bbox 547 1641 794 1693; x_wconf 88' lang='lat' dir='ltr'>noxaque</span> <span class='ocrx_word' id='word_1_154' title='bbox 841 1625 1126 1677; x_wconf 87' lang='lat' dir='ltr'>solutum&#39;.</span> <span class='ocrx_word' id='word_1_155' title='bbox 1201 1626 1333 1678; x_wconf 89' lang='lat' dir='ltr'>haec</span> <span class='ocrx_word' id='word_1_156' title='bbox 1371 1626 1558 1694; x_wconf 85' lang='lat' dir='ltr'>generi</span> <span class='ocrx_word' id='word_1_157' title='bbox 1606 1627 1781 1679; x_wconf 90' lang='lat' dir='ltr'>nostri</span> 
     </span>
     <span class='ocr_line' id='line_1_23' title="bbox 165 1692 1780 1764; baseline 0.004 -20"><span class='ocrx_word' id='word_1_158' title='bbox 165 1692 400 1746; x_wconf 86' lang='lat' dir='ltr'>laudatio</span> <span class='ocrx_word' id='word_1_159' title='bbox 440 1698 538 1747; x_wconf 89' lang='lat' dir='ltr'>est.</span> <span class='ocrx_word' id='word_1_160' title='bbox 592 1693 822 1747; x_wconf 82' lang='lat' dir='ltr'>GALLIO</span> <span class='ocrx_word' id='word_1_161' title='bbox 861 1694 1016 1757; x_wconf 79' lang='lat' dir='ltr'>dixit:</span> <span class='ocrx_word' id='word_1_162' title='bbox 1055 1695 1231 1764; x_wconf 83' lang='lat' dir='ltr'>furtiS‚</span> <span class='ocrx_word' id='word_1_163' title='bbox 1269 1714 1414 1749; x_wconf 87' lang='lat' dir='ltr'>noxa</span> <span class='ocrx_word' id='word_1_164' title='bbox 1439 1696 1646 1749; x_wconf 89' lang='lat' dir='ltr'>solutus</span> <span class='ocrx_word' id='word_1_165' title='bbox 1685 1700 1780 1751; x_wconf 87' lang='lat' dir='ltr'>est.</span> 
     </span>
     <span class='ocr_line' id='line_1_24' title="bbox 166 1762 1782 1835; baseline 0.002 -19"><span class='ocrx_word' id='word_1_166' title='bbox 166 1762 421 1817; x_wconf 84' lang='lat' dir='ltr'>SPARSVS</span> <span class='ocrx_word' id='word_1_167' title='bbox 469 1763 630 1817; x_wconf 85' lang='lat' dir='ltr'>dixit:</span> <span class='ocrx_word' id='word_1_168' title='bbox 682 1765 902 1818; x_wconf 85' lang='lat' dir='ltr'>ostende</span> <span class='ocrx_word' id='word_1_169' title='bbox 951 1766 1192 1819; x_wconf 85' lang='lat' dir='ltr'>tabellaS.</span> <span class='ocrx_word' id='word_1_170' title='bbox 1269 1766 1398 1835; x_wconf 90' lang='lat' dir='ltr'>quid</span> <span class='ocrx_word' id='word_1_171' title='bbox 1454 1767 1612 1822; x_wconf 83' lang='lat' dir='ltr'>nobis</span> <span class='ocrx_word' id='word_1_172' title='bbox 1660 1785 1782 1820; x_wconf 91' lang='lat' dir='ltr'>cum</span> 
     </span>
     <span class='ocr_line' id='line_1_25' title="bbox 165 1833 1782 1907; baseline 0.004 -23"><span class='ocrx_word' id='word_1_173' title='bbox 165 1833 269 1885; x_wconf 83' lang='lat' dir='ltr'>isto</span> <span class='ocrx_word' id='word_1_174' title='bbox 308 1836 549 1904; x_wconf 75' lang='lat' dir='ltr'>genero?</span> <span class='ocrx_word' id='word_1_175' title='bbox 588 1835 735 1903; x_wconf 91' lang='lat' dir='ltr'>prior</span> <span class='ocrx_word' id='word_1_176' title='bbox 762 1835 1010 1889; x_wconf 88' lang='lat' dir='ltr'>dominus</span> <span class='ocrx_word' id='word_1_177' title='bbox 1047 1837 1298 1906; x_wconf 87' lang='lat' dir='ltr'>promisit</span> <span class='ocrx_word' id='word_1_178' title='bbox 1334 1837 1631 1907; x_wconf 85' lang='lat' dir='ltr'>fugitiuum</span> <span class='ocrx_word' id='word_1_179' title='bbox 1667 1856 1782 1891; x_wconf 92' lang='lat' dir='ltr'>non</span> 
     </span>
     <span class='ocr_line' id='line_1_26' title="bbox 165 1905 1781 1985; baseline 0.004 -31"><span class='ocrx_word' id='word_1_180' title='bbox 165 1922 294 1956; x_wconf 85' lang='lat' dir='ltr'>csse.</span> <span class='ocrx_word' id='word_1_181' title='bbox 346 1905 588 1985; x_wconf 81' lang='lat' dir='ltr'>gratulor</span> <span class='ocrx_word' id='word_1_182' title='bbox 627 1906 796 1970; x_wconf 82' lang='lat' dir='ltr'>uobiS,</span> <span class='ocrx_word' id='word_1_183' title='bbox 835 1907 1062 1975; x_wconf 89' lang='lat' dir='ltr'>posteri:</span> <span class='ocrx_word' id='word_1_184' title='bbox 1102 1911 1310 1976; x_wconf 89' lang='lat' dir='ltr'>patrem</span> <span class='ocrx_word' id='word_1_185' title='bbox 1336 1908 1631 1977; x_wconf 84' lang='lat' dir='ltr'>fugitiuum</span> <span class='ocrx_word' id='word_1_186' title='bbox 1667 1926 1781 1962; x_wconf 91' lang='lat' dir='ltr'>non</span> 
     </span>
     <span class='ocr_line' id='line_1_27' title="bbox 102 1972 1784 2033; baseline 0.005 -9"><span class='ocrx_word' id='word_1_187' title='bbox 102 1990 143 2021; x_wconf 71' lang='lat'>25</span> <span class='ocrx_word' id='word_1_188' title='bbox 166 1972 449 2028; x_wconf 77' lang='lat' dir='ltr'>habebitis,</span> <span class='ocrx_word' id='word_1_189' title='bbox 527 1975 750 2029; x_wconf 82' lang='lat' dir='ltr'>VARIVS</span> <span class='ocrx_word' id='word_1_190' title='bbox 802 1977 1071 2030; x_wconf 73' lang='lat' dir='ltr'>Gmans</span> <span class='ocrx_word' id='word_1_191' title='bbox 1124 1978 1282 2030; x_wconf 85' lang='lat' dir='ltr'>dixit:</span> <span class='ocrx_word' id='word_1_192' title='bbox 1340 1984 1616 2032; x_wconf 78' lang='lat' dir='ltr'>‘erronem</span> <span class='ocrx_word' id='word_1_193' title='bbox 1670 1998 1784 2033; x_wconf 91' lang='lat' dir='ltr'>non</span> 
     </span>
     <span class='ocr_line' id='line_1_28' title="bbox 164 2046 1783 2117; baseline 0.004 -20"><span class='ocrx_word' id='word_1_194' title='bbox 164 2049 325 2112; x_wconf 82' lang='lat' dir='ltr'>esse’3</span> <span class='ocrx_word' id='word_1_195' title='bbox 365 2046 536 2098; x_wconf 85' lang='lat' dir='ltr'>adicio</span> <span class='ocrx_word' id='word_1_196' title='bbox 575 2047 867 2117; x_wconf 85' lang='lat' dir='ltr'>fugitiuum</span> <span class='ocrx_word' id='word_1_197' title='bbox 906 2066 1017 2101; x_wconf 88' lang='lat' dir='ltr'>non</span> <span class='ocrx_word' id='word_1_198' title='bbox 1044 2066 1174 2115; x_wconf 87' lang='lat' dir='ltr'>esse,</span> <span class='ocrx_word' id='word_1_199' title='bbox 1213 2048 1384 2102; x_wconf 87' lang='lat' dir='ltr'>adicio</span> <span class='ocrx_word' id='word_1_200' title='bbox 1421 2067 1565 2102; x_wconf 85' lang='lat' dir='ltr'>noxa</span> <span class='ocrx_word' id='word_1_201' title='bbox 1600 2049 1783 2103; x_wconf 86' lang='lat' dir='ltr'>furtis-</span> 
     </span>
     <span class='ocr_line' id='line_1_29' title="bbox 163 2116 1797 2188; baseline 0.006 -24"><span class='ocrx_word' id='word_1_202' title='bbox 163 2132 266 2184; x_wconf 86' lang='lat' dir='ltr'>que</span> <span class='ocrx_word' id='word_1_203' title='bbox 304 2116 554 2169; x_wconf 87' lang='lat' dir='ltr'>solutum.</span> <span class='ocrx_word' id='word_1_204' title='bbox 631 2118 890 2186; x_wconf 86' lang='lat' dir='ltr'>numquid</span> <span class='ocrx_word' id='word_1_205' title='bbox 929 2120 992 2171; x_wconf 85' lang='lat' dir='ltr'>dc</span> <span class='ocrx_word' id='word_1_206' title='bbox 1031 2120 1216 2188; x_wconf 86' lang='lat' dir='ltr'>generi</span> <span class='ocrx_word' id='word_1_207' title='bbox 1254 2120 1333 2172; x_wconf 90' lang='lat' dir='ltr'>tui</span> <span class='ocrx_word' id='word_1_208' title='bbox 1372 2120 1657 2174; x_wconf 88' lang='lat' dir='ltr'>nobilitate</span> <span class='ocrx_word' id='word_1_209' title='bbox 1696 2120 1797 2179; x_wconf 67' lang='lat' dir='ltr'>de&gt;</span> 
     </span>
     <span class='ocr_line' id='line_1_30' title="bbox 161 2186 1863 2259; baseline 0.004 -22"><span class='ocrx_word' id='word_1_210' title='bbox 161 2186 340 2238; x_wconf 79' lang='lat' dir='ltr'>traxi?</span> <span class='ocrx_word' id='word_1_211' title='bbox 414 2186 640 2240; x_wconf 76' lang='lat' dir='ltr'>POLLIO</span> <span class='ocrx_word' id='word_1_212' title='bbox 679 2188 856 2240; x_wconf 87' lang='lat' dir='ltr'>aiebat</span> <span class='ocrx_word' id='word_1_213' title='bbox 894 2189 1065 2242; x_wconf 88' lang='lat' dir='ltr'>ridere</span> <span class='ocrx_word' id='word_1_214' title='bbox 1103 2208 1174 2258; x_wconf 84' lang='lat' dir='ltr'>se,</span> <span class='ocrx_word' id='word_1_215' title='bbox 1215 2190 1358 2259; x_wconf 85' lang='lat' dir='ltr'>quod</span> <span class='ocrx_word' id='word_1_216' title='bbox 1397 2190 1779 2244; x_wconf 86' lang='lat' dir='ltr'>declamatores</span> <span class='ocrx_word' id='word_1_217' title='bbox 1797 2197 1863 2244; x_wconf 83' lang='lat'>24</span> 
     </span>
    </p>
   </div>
   <div class='ocr_carea' id='block_1_4' title="bbox 0 2400 1781 2947">
    <p class='ocr_par' dir='ltr' id='par_1_4' title="bbox 308 2400 1778 2459">
     <span class='ocr_line' id='line_1_31' title="bbox 308 2400 1778 2459; baseline 0.005 -20"><span class='ocrx_word' id='word_1_218' title='bbox 308 2402 325 2439; x_wconf 86' lang='lat'>1</span> <span class='ocrx_word' id='word_1_219' title='bbox 363 2401 494 2452; x_wconf 76' lang='lat' dir='ltr'>quasi</span> <span class='ocrx_word' id='word_1_220' title='bbox 525 2402 563 2440; x_wconf 79' lang='lat' dir='ltr'>A</span> <span class='ocrx_word' id='word_1_221' title='bbox 612 2400 629 2454; x_wconf 85' lang='grc' dir='ltr'>ΙΙ</span> <span class='ocrx_word' id='word_1_222' title='bbox 681 2405 938 2457; x_wconf 77' lang='lat' dir='ltr'>amputanti</span> <span class='ocrx_word' id='word_1_223' title='bbox 971 2417 1084 2456; x_wconf 82' lang='lat' dir='ltr'>quos</span> <span class='ocrx_word' id='word_1_224' title='bbox 1115 2407 1143 2444; x_wconf 85' lang='lat' dir='ltr'>C</span> <span class='ocrx_word' id='word_1_225' title='bbox 1176 2406 1395 2459; x_wconf 61' lang='lat' dir='ltr'>amputati</span> <span class='ocrx_word' id='word_1_226' title='bbox 1429 2405 1549 2459; x_wconf 85' lang='lat' dir='ltr'>quod</span> <span class='ocrx_word' id='word_1_227' title='bbox 1582 2408 1628 2459; x_wconf 75' lang='lat' dir='ltr'>T,</span> <span class='ocrx_word' id='word_1_228' title='bbox 1663 2420 1778 2447; x_wconf 72' lang='lat' dir='ltr'>corr.</span> 
     </span>
    </p>

    <p class='ocr_par' dir='ltr' id='par_1_5' title="bbox 165 2453 1778 2516">
     <span class='ocr_line' id='line_1_32' title="bbox 165 2453 1778 2516; baseline 0.007 -23"><span class='ocrx_word' id='word_1_229' title='bbox 165 2453 332 2506; x_wconf 56' lang='lat' dir='ltr'>lim-mu</span> <span class='ocrx_word' id='word_1_230' title='bbox 372 2459 398 2495; x_wconf 77' lang='lat'>2</span> <span class='ocrx_word' id='word_1_231' title='bbox 429 2463 726 2513; x_wconf 69' lang='lat' dir='ltr'>usurpantum</span> <span class='ocrx_word' id='word_1_232' title='bbox 759 2460 944 2512; x_wconf 80' lang='lat' dir='ltr'>quidam</span> <span class='ocrx_word' id='word_1_233' title='bbox 977 2461 1011 2500; x_wconf 83' lang='lat' dir='ltr'>B</span> <span class='ocrx_word' id='word_1_234' title='bbox 1051 2460 1066 2514; x_wconf 88' lang='grc' dir='ltr'>ΙΙ</span> <span class='ocrx_word' id='word_1_235' title='bbox 1107 2465 1132 2502; x_wconf 78' lang='grc'><strong>3</strong></span> <span class='ocrx_word' id='word_1_236' title='bbox 1165 2460 1551 2516; x_wconf 80' lang='lat' dir='ltr'>significationem</span> <span class='ocrx_word' id='word_1_237' title='bbox 1583 2462 1630 2515; x_wconf 88' lang='lat'>0,</span> <span class='ocrx_word' id='word_1_238' title='bbox 1662 2476 1778 2505; x_wconf 83' lang='lat' dir='ltr'>corr.</span> 
     </span>
    </p>

    <p class='ocr_par' dir='ltr' id='par_1_6' title="bbox 0 2509 1780 2571">
     <span class='ocr_line' id='line_1_33' title="bbox 0 2509 1780 2571; baseline 0.008 -23"><span class='ocrx_word' id='word_1_239' title='bbox 0 2509 6 2549; x_wconf 85' lang='grc' dir='ltr'>Ι</span> <span class='ocrx_word' id='word_1_240' title='bbox 166 2511 293 2550; x_wconf 67' lang='lat' dir='ltr'>Burs.</span> <span class='ocrx_word' id='word_1_241' title='bbox 344 2511 361 2564; x_wconf 77' lang='grc' dir='ltr'>ΙΙ</span> <span class='ocrx_word' id='word_1_242' title='bbox 413 2524 505 2553; x_wconf 82' lang='lat' dir='ltr'>rem</span> <span class='ocrx_word' id='word_1_243' title='bbox 539 2514 888 2567; x_wconf 74' lang='lat' dir='ltr'>prehensionem</span> <span class='ocrx_word' id='word_1_244' title='bbox 919 2518 953 2558; x_wconf 84' lang='grc' dir='ltr'><strong><em>Β</em></strong></span> <span class='ocrx_word' id='word_1_245' title='bbox 1003 2515 1020 2571; x_wconf 83' lang='grc' dir='ltr'>ΙΙ</span> <span class='ocrx_word' id='word_1_246' title='bbox 1069 2521 1095 2559; x_wconf 84' lang='grc'>4</span> <span class='ocrx_word' id='word_1_247' title='bbox 1127 2519 1316 2571; x_wconf 81' lang='lat' dir='ltr'>grauius</span> <span class='ocrx_word' id='word_1_248' title='bbox 1358 2519 1547 2560; x_wconf 79' lang='lat' dir='ltr'>sauinus</span> <span class='ocrx_word' id='word_1_249' title='bbox 1579 2519 1633 2570; x_wconf 82' lang='lat'>0,</span> <span class='ocrx_word' id='word_1_250' title='bbox 1666 2533 1780 2563; x_wconf 81' lang='lat' dir='ltr'>corr.</span> 
     </span>
    </p>

    <p class='ocr_par' dir='ltr' id='par_1_7' title="bbox 0 2567 1777 2629">
     <span class='ocr_line' id='line_1_34' title="bbox 0 2567 1777 2629; baseline 0.007 -26"><span class='ocrx_word' id='word_1_251' title='bbox 0 2568 6 2603; x_wconf 62' lang='grc' dir='ltr'>Ι</span> <span class='ocrx_word' id='word_1_252' title='bbox 162 2567 346 2619; x_wconf 75' lang='lat' dir='ltr'>Scleotefl</span> <span class='ocrx_word' id='word_1_253' title='bbox 375 2570 400 2609; x_wconf 80' lang='lat'>5</span> <span class='ocrx_word' id='word_1_254' title='bbox 432 2571 707 2622; x_wconf 75' lang='lat' dir='ltr'>consfiptum</span> <span class='ocrx_word' id='word_1_255' title='bbox 738 2571 806 2624; x_wconf 77' lang='lat' dir='ltr'>&#39;1&#39;ss</span> <span class='ocrx_word' id='word_1_256' title='bbox 837 2575 861 2614; x_wconf 83' lang='grc'><strong>7</strong></span> <span class='ocrx_word' id='word_1_257' title='bbox 894 2573 1221 2615; x_wconf 79' lang='lat' dir='ltr'>Saturnininus</span> <span class='ocrx_word' id='word_1_258' title='bbox 1252 2575 1285 2614; x_wconf 91' lang='grc' dir='ltr'><strong><em>Β</em></strong></span> <span class='ocrx_word' id='word_1_259' title='bbox 1306 2573 1322 2629; x_wconf 79' lang='grc' dir='ltr'>ΙΙ</span> <span class='ocrx_word' id='word_1_260' title='bbox 1352 2574 1483 2617; x_wconf 78' lang='lat' dir='ltr'>uoles</span> <span class='ocrx_word' id='word_1_261' title='bbox 1516 2573 1662 2629; x_wconf 65' lang='lat' dir='ltr'>[uoles</span> <span class='ocrx_word' id='word_1_262' title='bbox 1695 2572 1777 2629; x_wconf 77' lang='lat' dir='ltr'>Tb]</span> 
     </span>
    </p>

    <p class='ocr_par' dir='ltr' id='par_1_8' title="bbox 160 2623 1779 2686">
     <span class='ocr_line' id='line_1_35' title="bbox 160 2623 1779 2686; baseline 0.007 -25"><span class='ocrx_word' id='word_1_263' title='bbox 160 2624 233 2664; x_wconf 85' lang='lat' dir='ltr'>uel</span> <span class='ocrx_word' id='word_1_264' title='bbox 266 2623 318 2672; x_wconf 86' lang='grc'>0,</span> <span class='ocrx_word' id='word_1_265' title='bbox 358 2638 473 2665; x_wconf 76' lang='lat' dir='ltr'>corr.</span> <span class='ocrx_word' id='word_1_266' title='bbox 508 2625 545 2666; x_wconf 90' lang='grc' dir='ltr'>Ι.</span> <span class='ocrx_word' id='word_1_267' title='bbox 584 2627 793 2681; x_wconf 66' lang='grc' dir='ltr'>ΙλρείιιεΙΙ</span> <span class='ocrx_word' id='word_1_268' title='bbox 837 2631 887 2670; x_wconf 84' lang='lat'>12</span> <span class='ocrx_word' id='word_1_269' title='bbox 928 2630 992 2670; x_wconf 79' lang='lat' dir='ltr'>fili</span> <span class='ocrx_word' id='word_1_270' title='bbox 1024 2632 1074 2682; x_wconf 80' lang='lat'>0,</span> <span class='ocrx_word' id='word_1_271' title='bbox 1121 2630 1184 2671; x_wconf 80' lang='lat' dir='ltr'>fili</span> <span class='ocrx_word' id='word_1_272' title='bbox 1217 2628 1465 2685; x_wconf 78' lang='lat' dir='ltr'>&lt;par-tem&gt;</span> <span class='ocrx_word' id='word_1_273' title='bbox 1498 2633 1625 2675; x_wconf 74' lang='lat' dir='ltr'>Burs.</span> <span class='ocrx_word' id='word_1_274' title='bbox 1667 2630 1684 2686; x_wconf 89' lang='grc' dir='ltr'>ΙΙ</span> <span class='ocrx_word' id='word_1_275' title='bbox 1727 2633 1779 2673; x_wconf 83' lang='grc'>13</span> 
     </span>
    </p>

    <p class='ocr_par' dir='ltr' id='par_1_9' title="bbox 163 2680 1781 2741">
     <span class='ocr_line' id='line_1_36' title="bbox 163 2680 1781 2741; baseline 0.005 -21"><span class='ocrx_word' id='word_1_276' title='bbox 163 2690 357 2722; x_wconf 63' lang='lat' dir='ltr'>veronen</span> <span class='ocrx_word' id='word_1_277' title='bbox 388 2682 424 2721; x_wconf 84' lang='grc' dir='ltr'><strong>Δ</strong></span> <span class='ocrx_word' id='word_1_278' title='bbox 453 2680 470 2733; x_wconf 74' lang='grc' dir='ltr'>ΙΙ</span> <span class='ocrx_word' id='word_1_279' title='bbox 517 2684 564 2722; x_wconf 79' lang='grc'>14</span> <span class='ocrx_word' id='word_1_280' title='bbox 598 2683 854 2736; x_wconf 78' lang='lat' dir='ltr'>emptiones</span> <span class='ocrx_word' id='word_1_281' title='bbox 883 2684 966 2740; x_wconf 78' lang='grc' dir='ltr'>ΔΙΙ</span> <span class='ocrx_word' id='word_1_282' title='bbox 1004 2689 1055 2728; x_wconf 85' lang='grc'>15</span> <span class='ocrx_word' id='word_1_283' title='bbox 1086 2687 1326 2729; x_wconf 81' lang='lat' dir='ltr'>Albucium</span> <span class='ocrx_word' id='word_1_284' title='bbox 1359 2689 1388 2727; x_wconf 80' lang='lat'><strong>0</strong></span> <span class='ocrx_word' id='word_1_285' title='bbox 1423 2685 1440 2741; x_wconf 89' lang='grc' dir='ltr'>ΙΙ</span> <span class='ocrx_word' id='word_1_286' title='bbox 1480 2690 1528 2730; x_wconf 85' lang='grc'>17</span> <span class='ocrx_word' id='word_1_287' title='bbox 1562 2689 1608 2730; x_wconf 82' lang='lat' dir='ltr'>su</span> <span class='ocrx_word' id='word_1_288' title='bbox 1648 2689 1781 2730; x_wconf 75' lang='lat' dir='ltr'>Itium</span> 
     </span>
    </p>

    <p class='ocr_par' dir='ltr' id='par_1_10' title="bbox 161 2739 1779 2798">
     <span class='ocr_line' id='line_1_37' title="bbox 161 2739 1779 2798; baseline 0.004 -21"><span class='ocrx_word' id='word_1_289' title='bbox 161 2749 358 2778; x_wconf 78' lang='lat' dir='ltr'>errorem</span> <span class='ocrx_word' id='word_1_290' title='bbox 391 2750 478 2778; x_wconf 89' lang='lat' dir='ltr'>non</span> <span class='ocrx_word' id='word_1_291' title='bbox 513 2751 640 2779; x_wconf 68' lang='lat' dir='ltr'>enses</span> <span class='ocrx_word' id='word_1_292' title='bbox 671 2740 771 2780; x_wconf 69' lang='lat' dir='ltr'>ora</span> <span class='ocrx_word' id='word_1_293' title='bbox 810 2739 827 2793; x_wconf 71' lang='lat' dir='ltr'>fl</span> <span class='ocrx_word' id='word_1_294' title='bbox 867 2743 923 2784; x_wconf 77' lang='lat'>20</span> <span class='ocrx_word' id='word_1_295' title='bbox 953 2742 1130 2784; x_wconf 73' lang='lat' dir='ltr'>solutus</span> <span class='ocrx_word' id='word_1_296' title='bbox 1161 2746 1194 2784; x_wconf 79' lang='grc' dir='ltr'><strong>Τ</strong></span> <span class='ocrx_word' id='word_1_297' title='bbox 1234 2742 1250 2798; x_wconf 76' lang='grc' dir='ltr'>ΙΙ</span> <span class='ocrx_word' id='word_1_298' title='bbox 1300 2746 1351 2785; x_wconf 77' lang='grc'>21</span> <span class='ocrx_word' id='word_1_299' title='bbox 1387 2756 1436 2785; x_wconf 83' lang='lat' dir='ltr'>se</span> <span class='ocrx_word' id='word_1_300' title='bbox 1470 2743 1610 2797; x_wconf 77' lang='lat' dir='ltr'>[est&#39;l&#39;</span> <span class='ocrx_word' id='word_1_301' title='bbox 1660 2744 1779 2786; x_wconf 76' lang='lat' dir='ltr'>calio</span> 
     </span>
    </p>

    <p class='ocr_par' dir='ltr' id='par_1_11' title="bbox 161 2792 1773 2855">
     <span class='ocr_line' id='line_1_38' title="bbox 161 2792 1773 2855; baseline 0.004 -23"><span class='ocrx_word' id='word_1_302' title='bbox 161 2793 191 2832; x_wconf 92' lang='grc'><strong>0</strong></span> <span class='ocrx_word' id='word_1_303' title='bbox 222 2792 239 2845; x_wconf 77' lang='grc' dir='ltr'>ΙΙ</span> <span class='ocrx_word' id='word_1_304' title='bbox 268 2793 448 2834; x_wconf 73' lang='lat' dir='ltr'>solatur</span> <span class='ocrx_word' id='word_1_305' title='bbox 476 2793 549 2846; x_wconf 84' lang='grc' dir='ltr'>ΒΙΙ</span> <span class='ocrx_word' id='word_1_306' title='bbox 578 2796 633 2835; x_wconf 71' lang='grc'>24</span> <span class='ocrx_word' id='word_1_307' title='bbox 666 2798 874 2838; x_wconf 78' lang='lat' dir='ltr'>oratnlor</span> <span class='ocrx_word' id='word_1_308' title='bbox 903 2798 940 2838; x_wconf 76' lang='lat' dir='ltr'>A</span> <span class='ocrx_word' id='word_1_309' title='bbox 970 2812 1019 2839; x_wconf 89' lang='lat' dir='ltr'>m.</span> <span class='ocrx_word' id='word_1_310' title='bbox 1052 2813 1121 2853; x_wconf 81' lang='lat' dir='ltr'>pr.</span> <span class='ocrx_word' id='word_1_311' title='bbox 1155 2800 1360 2842; x_wconf 78' lang='lat' dir='ltr'>cratulor</span> <span class='ocrx_word' id='word_1_312' title='bbox 1390 2802 1423 2841; x_wconf 90' lang='grc' dir='ltr'><strong><em>Β</em></strong></span> <span class='ocrx_word' id='word_1_313' title='bbox 1446 2799 1462 2855; x_wconf 85' lang='grc' dir='ltr'>ΙΙ</span> <span class='ocrx_word' id='word_1_314' title='bbox 1498 2803 1551 2842; x_wconf 81' lang='lat'>25</span> <span class='ocrx_word' id='word_1_315' title='bbox 1584 2801 1773 2842; x_wconf 75' lang='lat' dir='ltr'>habebi-</span> 
     </span>
    </p>

    <p class='ocr_par' dir='ltr' id='par_1_12' title="bbox 161 2850 1774 2947">
     <span class='ocr_line' id='line_1_39' title="bbox 161 2850 1774 2944; baseline 0.003 -54"><span class='ocrx_word' id='word_1_316' title='bbox 161 2862 258 2944; x_wconf 68' lang='grc' dir='ltr'>ἷηιιει</span> <span class='ocrx_word' id='word_1_317' title='bbox 289 2850 322 2891; x_wconf 88' lang='grc' dir='ltr'><strong><em>Β</em></strong></span> <span class='ocrx_word' id='word_1_318' title='bbox 355 2850 539 2892; x_wconf 77' lang='lat' dir='ltr'>habetis</span> <span class='ocrx_word' id='word_1_319' title='bbox 571 2853 603 2890; x_wconf 82' lang='grc' dir='ltr'>Τ</span> <span class='ocrx_word' id='word_1_320' title='bbox 624 2851 641 2903; x_wconf 82' lang='grc' dir='ltr'>ΙΙ</span> <span class='ocrx_word' id='word_1_321' title='bbox 673 2865 869 2894; x_wconf 74' lang='lat' dir='ltr'>errorem</span> <span class='ocrx_word' id='word_1_322' title='bbox 902 2855 1001 2894; x_wconf 67' lang='grc' dir='ltr'>ΘΤ..</span> <span class='ocrx_word' id='word_1_323' title='bbox 1030 2853 1047 2908; x_wconf 83' lang='grc' dir='ltr'>ΙΙ</span> <span class='ocrx_word' id='word_1_324' title='bbox 1076 2858 1129 2897; x_wconf 79' lang='grc'>27</span> <span class='ocrx_word' id='word_1_325' title='bbox 1161 2856 1305 2897; x_wconf 80' lang='lat' dir='ltr'>solum</span> <span class='ocrx_word' id='word_1_326' title='bbox 1341 2861 1436 2898; x_wconf 82' lang='lat' dir='ltr'>tum</span> <span class='ocrx_word' id='word_1_327' title='bbox 1470 2859 1571 2899; x_wconf 76' lang='lat' dir='ltr'>CTa</span> <span class='ocrx_word' id='word_1_328' title='bbox 1600 2855 1617 2910; x_wconf 82' lang='grc' dir='ltr'>ΙΙ</span> <span class='ocrx_word' id='word_1_329' title='bbox 1649 2857 1774 2898; x_wconf 75' lang='lat' dir='ltr'>nobi-</span> 
     </span>
     <span class='ocr_line' id='line_1_40' title="bbox 180 2906 399 2947; baseline 0.005 -2"><span class='ocrx_word' id='word_1_330' title='bbox 180 2906 338 2947; x_wconf 78' lang='lat' dir='ltr'>itntem</span> <span class='ocrx_word' id='word_1_331' title='bbox 370 2908 399 2946; x_wconf 79' lang='lat' dir='ltr'>C</span> 
     </span>
    </p>
   </div>
   <div class='ocr_carea' id='block_1_5' title="bbox 0 2626 45 3100">
    <p class='ocr_par' dir='ltr' id='par_1_13' title="bbox 0 2626 45 3100">
     <span class='ocr_line' id='line_1_41' title="bbox 0 2626 45 3100; baseline 0 0"><span class='ocrx_word' id='word_1_332' title='bbox 0 2626 45 3100; x_wconf 95' lang='lat' dir='ltr'> </span> 
     </span>
    </p>
   </div>
  </div>
 </body>
</html>
