1942 3034
195 117 299 171 206
725 105 954 161 ANNA'EI
985 118 1256 162 SENECAE
1597 123 1828 175 1215913:

199 260 340 311 seca,
380 243 630 312 uerbera,
671 244 854 296 oculos
891 244 1130 307 lancina‚
1168 243 1254 296 fac
1291 244 1399 296 iam
1435 264 1504 298 ne
1541 247 1659 300 uiro
1697 248 1808 316 pla-

197 317 313 366 ceat
350 314 559 366 matrix.
622 314 829 366 PAPIRI
867 313 1134 366 FABIANI.
1173 313 1487 368 Describam
1523 335 1668 370 nunc
1707 336 1807 388 ego
1872 377 1875 380 ,

198 384 462 437 cruciatus
490 388 543 437 et
567 385 817 437 miseram
843 385 1083 453 corporis
1112 385 1428 454 patientiam
1464 387 1605 439 inter
1629 391 1808 456 tyran-

196 455 319 507 nica
354 458 625 508 tormenta
662 455 981 507 saeuientia:
1032 456 1254 508 extincti
1303 457 1564 526 sanguine
1602 458 1808 511 refoue-

195 526 394 578 bantur
448 526 627 595 ignes3
688 526 817 594 <111>
871 525 975 578 hoc
1032 526 1372 580 desinebatur
1426 530 1668 597 torqueri
1716 529 1808 581 ali-
1830 542 1853 575 5

197 595 428 664 quando,
466 600 528 648 ut
565 596 776 664 saepius
813 599 1009 665 posset.
1082 597 1367 666 Exquisita
1403 599 1641 668 uerbera,
1680 600 1809 652 lam-

194 685 322 734 nae,
372 666 611 735 eculeus,
660 667 922 735 quidquid
968 668 1191 737 antiqua
1236 669 1460 722 saeuitia
1509 670 1807 737 inuenerat,

196 736 456 806 quidquid
483 740 535 790 et
559 755 704 791 noua
730 738 1079 790 adiecerat—
1118 739 1135 808 ΙΙ
1164 739 1293 807 quid
1329 741 1559 809 amplius
1597 740 1806 793 dicam?

196 810 320 877 (et)
376 811 636 876 tyrannus
691 808 981 878 torquebat
1036 811 1090 861 et
1150 827 1270 862 cum
1323 810 1386 863 de
1448 812 1805 880 tyrannicidio

196 881 490 946 quaereret.
567 878 611 931 O
649 897 749 932 nos
786 879 991 932 felices!
1044 880 1187 948 quod
1223 881 1386 933 nullis
1423 881 1616 934 hausta
1651 900 1808 951 puer·
1831 896 1872 927 10

193 949 355 1018 periis
392 948 514 1018 fuit,
552 950 735 1003 tacuit.
786 953 917 1003 tunc
954 950 1169 1003 silentio
1207 951 1626 1019 tyrannicidium
1663 952 1806 1021 fecit,

195 1023 336 1072 certe
374 1020 779 1087 tyrannicidam.
845 1021 1129 1074 Conuolsis
1166 1021 1519 1091 laceratisque
1556 1025 1807 1076 membris

193 1107 292 1142 nec
338 1089 510 1143 adhuc
559 1090 952 1144 sufficientibus
1006 1109 1121 1144 non
1168 1092 1386 1145 dimissa
1433 1097 1513 1147 est
1561 1113 1624 1147 ex
1671 1113 1805 1160 arce,

138 1169 166 1214 7
195 1161 286 1212 sed
340 1161 595 1229 proiecta.
674 1160 814 1223 Quid
870 1166 949 1216 est
1002 1180 1166 1231 quare
1227 1181 1448 1216 uxorem
1505 1165 1807 1218 dimiseris?

192 1231 455 1300 numquid
508 1232 705 1300 premit
753 1247 972 1285 censum
1021 1251 1248 1286 onerosa
1301 1235 1602 1303 sumptibus
1650 1239 1703 1288 et
1748 1240 1808 1289 ut
1830 1247 1871 1280 15

194 1302 359 1354 seculi
408 1319 526 1354 mos
564 1305 645 1354 est
654 1344 668 1370 ,
717 1302 776 1354 in
827 1303 1057 1356 deterius
1105 1304 1235 1356 luxu
1286 1305 1485 1358 fluente
1532 1306 1806 1360 muliebris

194 1372 415 1425 ambitio
463 1373 754 1426 certamine
802 1377 989 1428 mutuo
1036 1392 1203 1443 usque
1250 1375 1308 1427 in
1351 1376 1569 1444 publica
1614 1377 1809 1430 damna

191 1443 416 1511 priuatis
454 1443 694 1496 insanit?
740 1445 1003 1514 numquid
1040 1463 1278 1515 gemmas
1317 1450 1370 1499 et
1407 1464 1471 1499 ex
1509 1447 1684 1500 alieno
1722 1448 1808 1501 lit-

192 1518 308 1566 tore
353 1514 552 1582 petitos
607 1515 822 1583 lapillos
870 1519 924 1568 et
972 1534 1160 1568 aurum
1208 1520 1518 1587 uestemque
1563 1518 1702 1570 nihil
1748 1519 1806 1571 in

193 1587 441 1637 matrona
477 1587 741 1638 tecturam
780 1586 1129 1655 concupiuit?
1203 1587 1248 1639 si
1286 1588 1408 1641 talis
1447 1592 1608 1658 esset,
1645 1589 1803 1642 facile
1825 1600 1868 1632 20

191 1655 339 1707 illam
377 1655 705 1724 corrupisset
739 1659 1017 1725 tyrannus.
1075 1656 1340 1726 Expecta,
1377 1662 1556 1727 potest
1591 1677 1804 1729 parere3

192 1743 304 1778 non
351 1726 640 1795 respondet
687 1727 755 1779 ad
801 1727 1140 1796 propositum
1186 1746 1286 1780 nec
1323 1729 1390 1781 ad
1429 1733 1627 1782 certam
1666 1730 1806 1783 diem

193 1795 517 1866 fecunditas3
567 1797 650 1849 sui
686 1798 818 1850 iuris
855 1816 1033 1851 rerum
1071 1802 1266 1851 natura
1304 1803 1384 1852 est
1418 1818 1518 1852 nec
1556 1800 1622 1852 ad
1659 1801 1804 1870 leges

191 1867 453 1920 humanas
492 1868 858 1937 componitur:
905 1869 1064 1923 modo
1111 1873 1365 1938 properat
1402 1874 1456 1923 et
1491 1874 1621 1924 uota
1655 1889 1805 1940 prae-

194 1938 383 2007 currit,
443 1938 604 1991 modo
670 1940 819 1992 lenta
886 1943 965 1992 est
1029 1943 1082 1993 et
1146 1940 1466 1995 demoratur.
1554 1946 1802 2011 expecta3
1825 1952 1866 1985 25

194 2009 381 2078 pariet.
434 2008 573 2071 Quid
611 2009 768 2063 dicis:
809 2016 939 2064 ‘non
975 2013 1156 2079 potest
1190 2011 1370 2064 fieri'?
1420 2012 1624 2081 quare?
1663 2013 1826 2081 quod*

306 2237 328 2276 1
366 2237 491 2277 sicca
522 2237 715 2278 uerbera
746 2240 766 2278 P
799 2236 814 2291 ΙΙ
850 2237 1040 2279 lancina
1071 2238 1238 2279 faciem
1271 2241 1304 2278 T
1335 2237 1351 2291 ΙΙ
1388 2241 1412 2279 2
1443 2240 1658 2281 meretrix
1691 2243 1754 2280 Ta
1791 2240 1803 2293 Q

189 2291 391 2332 Pabiani
422 2294 450 2331 C
471 2290 487 2345 ΙΙ
509 2296 549 2335 3.
572 2295 600 2334 4
630 2295 970 2345 tyrannicorum
992 2297 1321 2335 tormentorum
1344 2297 1594 2337 saeuitiam
1615 2296 1772 2340 Selmlt.
1791 2295 1803 2350 ἔξ

190 2350 215 2390 5
256 2349 304 2388 in
344 2350 444 2392 add.
485 2352 594 2400 ng
633 2350 789 2394 Schult.
830 2348 850 2405 ΙΙ
891 2349 1170 2402 definibatur
1208 2355 1236 2392 c
1276 2350 1292 2405 Η
1332 2353 1358 2392 6
1396 2365 1532 2405 posse
1571 2355 1634 2393 Ta
1674 2351 1689 2406 ΙΙ
1730 2366 1803 2394 ex—

191 2407 342 2459 posita
373 2407 394 2446 ⁴?
435 2403 451 2458 ΙΙ
492 2407 532 2445 6.
556 2408 580 2446 7
612 2407 704 2446 iam
734 2419 819 2446 nec
849 2406 1002 2448 uleum
1034 2409 1061 2446 C
1091 2409 1182 2449 iam
1214 2408 1376 2450 eculefi
1409 2412 1466 2462 T,
1499 2423 1613 2451 corr.
1643 2411 1679 2449 Ε
1720 2409 1735 2462 ΙΙ
1776 2413 1802 2452 9

137 2492 140 2494 Α
191 2465 236 2502 et
268 2463 368 2503 add.
401 2463 435 2501 E
487 2460 501 2515 ΙΙ
555 2463 607 2504 10
645 2467 783 2504 austa
814 2464 842 2501 C
893 2468 1000 2504 acta
1031 2466 1094 2503 Ta
1142 2470 1282 2507 aucta
1321 2467 1379 2505 Tb
1430 2463 1445 2518 ΙΙ
1497 2466 1735 2520 puerperis
1774 2468 1802 2506 0

189 2519 423 2572 puerperii
461 2521 521 2558 Ta
561 2517 577 2572 ΙΙ
620 2520 670 2559 11
713 2520 841 2560 acuit
878 2519 998 2560 hanc
1036 2521 1087 2567 0,
1129 2536 1242 2564 corr.
1275 2523 1329 2564 N.
1359 2523 1503 2563 Faber
1543 2520 1558 2575 ΙΙ
1598 2524 1803 2574 tyranni·

192 2575 359 2616 cidium
392 2574 577 2616 silentio
610 2578 642 2615 T
673 2574 690 2630 ΙΙ
723 2577 773 2616 12
804 2576 1096 2628 tyrannidam
1126 2581 1154 2618 C
1184 2578 1277 2632 1114
1308 2578 1493 2632 quidem
1522 2580 1559 2618 A
1581 2576 1596 2632 ΙΙ
1621 2580 1672 2620 15
1702 2592 1802 2633 pre-

165 2635 272 2672 ‘mit
310 2644 419 2672 cens
451 2633 479 2671 G
508 2633 697 2686 p'mittet
727 2633 758 2672 T
787 2630 803 2686 ΙΙ
832 2645 1073 2674 onerosam
1104 2638 1137 2675 Τ
1166 2634 1182 2689 ΙΙ
1214 2637 1264 2676 16
1295 2636 1342 2675 111
1373 2636 1481 2676 ETb
1511 2639 1558 2677 et
1589 2637 1710 2687 CTa,
1743 2635 1801 2675 ad

187 2688 320 2733 Burs.
343 2686 358 2741 ΙΙ
387 2688 605 2730 fluentem
637 2690 737 2729 cra
757 2687 773 2742 ΙΙ
808 2691 857 2730 17
891 2690 1089 2732 ambiete
1121 2694 1220 2732 GTa
1240 2690 1256 2745 ΙΙ
1278 2693 1416 2744 inque
1446 2694 1547 2731 GTa
1577 2704 1720 2744 usque
1752 2692 1799 2730 in

189 2746 296 2785 ETb
334 2743 350 2798 ΙΙ
389 2746 440 2786 18
480 2746 689 2799 priuatus
721 2749 752 2786 Τ
782 2744 798 2799 ΙΙ
834 2748 888 2787 2Ο
925 2750 1132 2789 matrona
1168 2750 1202 2789 B
1242 2752 1450 2789 matrone
1489 2751 1521 2788 T
1561 2746 1577 2800 ΙΙ
1617 2750 1799 2788 tectura

190 2804 222 2841 T
244 2800 260 2855 11
283 2814 375 2867 non
413 2803 680 2856 concupiuit
721 2805 782 2842 Ta
813 2804 1030 2856 concupit
1059 2802 1206 2858 31122
1238 2804 1491 2858 respondes
1523 2805 1551 2842 G
1578 2802 1594 2857 ΙΙ
1624 2807 1798 2845 certum

191 2873 234 2918 0,
267 2885 381 2914 corr.
417 2873 451 2912 E
474 2871 565 2927 1124
597 2867 740 2927 pptad
771 2874 808 2913 A
846 2866 959 2925 cp'tad
989 2874 1021 2913 B
1051 2873 1067 2928 ss
1096 2875 1228 2918 modo
1260 2876 1314 2928 0,
1354 2879 1400 2916 et
1437 2875 1599 2915 Vahlen
