1936 3100
223 189 341 242 ,438
767 188 997 231 ANNAEI
1028 187 1303 232 SENECAE
1651 189 1850 242 p.28313.

181 321 207 367 1
345 312 524 367 CESTI
562 312 671 366 ΡΠ.
734 310 861 365 Non
899 315 980 366 est
1018 313 1161 381 quod
1208 313 1411 382 putetis
1458 313 1555 366 has
1602 313 1847 366 lacrimas

238 387 333 438 aut
370 383 513 436 filiae
552 401 664 436 esse
702 386 796 435 aut
833 401 978 435 reae:
1020 384 1241 436 fratrem
1277 384 1457 452 (fiet).
1527 382 1656 436 Non
1693 383 1850 451 prod-

237 457 379 507 esset
436 454 561 521 tibi,
609 453 813 522 puella,
852 471 920 505 ne
969 454 1073 506 hoc
1112 453 1324 522 quidem
1373 454 1516 523 quod
1571 457 1624 505 te
1682 453 1850 506 frater

237 525 465 592 amauit,
515 525 619 576 nisi
657 526 826 576 mater
863 523 1075 577 odisset.
1149 524 1270 578 Hoc
1308 542 1391 577 me
1441 523 1706 589 occidisti,
1754 542 1848 576 no-

235 613 410 662 uerca,
451 594 593 662 quod
631 594 778 646 scisti
818 594 1087 647 consciam
1136 595 1333 665 eligere
1370 611 1591 663 poenae.
1668 593 1844 646 Dixit:
1870 606 1891 640 5

237 669 539 719 anteactam
587 665 699 717 eius
748 665 918 717 uitam
967 666 1311 718 excutiamus
1387 664 1571 716 FVLVI
1623 663 1843 717 SPARSI.

235 736 458 789 Nefaria
495 735 701 803 mulier,
741 735 884 787 filiae
925 753 1138 804 quoque
1176 739 1424 802 nouerca,
1462 752 1531 786 ne
1569 735 1707 786 mori
1734 735 1847 802 qui-

237 807 357 859 dem
413 806 615 874 potuit,
678 805 783 857 nisi
840 809 899 857 ut
955 805 1232 858 occideret.
1317 805 1466 857 Inter
1523 804 1846 874 gladiatores

237 895 451 946 quoque
491 876 710 928 uictoris
748 875 991 928 condicio
1031 894 1280 944 pessuma
1306 879 1386 928 est
1424 893 1545 927 cum
1583 876 1846 927 moriente

237 947 546 1017 pugnantis,
595 946 806 998 nullum
843 946 1014 1015 magis
1054 946 1418 998 aduersarium
1455 945 1647 997 timeas
1687 963 1846 1013 quam
1870 957 1916 990 10

179 1014 208 1061 2
239 1019 331 1086 qui
369 1018 551 1069 uiuere
578 1034 690 1069 non
727 1019 920 1084 potest,
949 1016 1187 1069 occidere
1226 1019 1422 1084 potest.
1474 1014 1613 1067 VIBI
1641 1014 1848 1066 GALLI.

238 1087 692 1142 Concitatissuma
739 1089 819 1138 est
857 1086 914 1138 in
951 1089 1126 1139 morte
1175 1087 1348 1138 rabies
1388 1088 1442 1138 et
1478 1085 1848 1154 desperatione

240 1159 429 1211 ultima
466 1158 523 1209 in
549 1157 786 1209 furorem
812 1157 1023 1209 animus
1052 1156 1360 1225 impellitur.
1402 1155 1662 1224 quaedam
1702 1155 1846 1207 ferae

236 1229 345 1281 tela
391 1229 507 1296 ipsa
555 1227 924 1279 commordent
971 1229 1024 1278 et
1071 1227 1137 1278 ad
1187 1227 1375 1279 mortis
1430 1229 1703 1277 auctorem
1753 1243 1849 1294 per
1935 1272 1936 1296 ἢ

237 1299 462 1352 uulnera
501 1315 594 1349 sua
621 1300 802 1349 ruunt.
860 1297 1065 1348 abscisa
1102 1297 1356 1349 missione
1382 1295 1650 1365 gladiator
1689 1313 1847 1363 quem
1872 1298 1936 1342 15'

240 1372 476 1422 armatus
516 1367 731 1437 fugerat
766 1366 941 1419 nudus
979 1367 1296 1435 insequitur.
1360 1365 1699 1438 praecipitati
1737 1383 1849 1417 non

237 1439 383 1509 quod
420 1439 639 1507 impulit
675 1440 886 1490 tantum
923 1436 1162 1504 trahunt,
1202 1436 1292 1489 sed
1330 1435 1474 1504 quod
1512 1434 1757 1501 occurrit,
1798 1438 1851 1486 et

237 1509 471 1563 naturali
512 1508 743 1577 quodam
783 1507 1088 1576 deploratae
1127 1507 1321 1559 mentis
1370 1506 1583 1558 adfectu
1622 1505 1849 1558 morien-

179 1578 211 1625 3
238 1581 381 1633 tibus
420 1579 784 1649 gratissimum
823 1581 904 1630 est
940 1577 1213 1630 commori.
1266 1577 1523 1629 VOTIENI
1549 1575 1600 1627 M
1612 1589 1848 1628 ONTANI.

237 1651 383 1704 Dum
436 1650 608 1702 filium
664 1647 877 1700 uindico
941 1648 1033 1700 ubi
1093 1647 1406 1717 grauissime
1468 1646 1601 1698 mihi
1657 1663 1848 1697 nocere
1874 1659 1916 1691 20

239 1724 421 1790 posset
458 1719 684 1772 ostendi.
736 1718 1012 1771 Veneficio
1053 1718 1226 1770 simile
1264 1716 1626 1769 mendacium!
1670 1714 1848 1768 Sicine

240 1791 491 1844 credibile
543 1807 654 1842 esse
702 1788 1049 1857 parricidium
1095 1789 1152 1840 in
1199 1805 1381 1840 sorore
1430 1785 1681 1839 creditis?
1738 1803 1850 1837 non

239 1863 403 1915 timeo
442 1879 509 1913 ne
550 1861 668 1928 quis
717 1860 820 1912 hoc
866 1860 924 1911 in
973 1876 1154 1911 sorore
1203 1857 1384 1911 credat
1421 1856 1564 1925 quod
1610 1873 1709 1925 ego
1759 1856 1850 1906 uix

240 1932 467 2002 probaui
506 1932 564 1982 in
600 1947 849 1982 nouerca.
907 1929 1105 1981 Natam
1143 1928 1276 1980 mihi
1314 1928 1479 1980 filiam
1518 1926 1669 1995 quasi
1711 1925 1849 1977 futu-

240 2022 356 2056 ram
404 2003 550 2070 pacis
599 2001 838 2053 obsidem
886 2000 1103 2067 sustuli3
1150 2000 1167 2068 ΙΙ
1213 1999 1440 2051 aiebam:
1489 1996 1615 2048 dum
1662 1995 1848 2047 matris
1872 2007 1914 2041 25

240 2072 490 2126 meminit
528 2071 875 2124 obliuiscetur
920 2087 1198 2122 nouercae.
1263 2072 1318 2120 at
1364 2068 1458 2120 illa
1497 2067 1622 2118 dum
1659 2083 1848 2118 nouer-
1934 2092 1936 2118 1

241 2162 333 2197 cae
371 2142 619 2195 meminit
668 2141 855 2193 matris
896 2140 1064 2192 oblita
1103 2143 1196 2191 est.
1249 2138 1311 2190 eF
1314 2138 1405 2190 ilia
1416 2179 1430 2204 ‚
1469 2136 1677 2204 inquit,
1716 2135 1851 2186 mihi
1934 2158 1936 2211 4

242 2216 456 2267 conscia
494 2215 610 2265 est’.
672 2215 796 2280 post
844 2211 983 2262 hanc
1021 2227 1209 2262 uocem
1235 2209 1456 2260 remissa
1491 2209 1705 2274 putares
1743 2207 1851 2256 tor·
1934 2214 1936 2252 1

355 2371 380 2410 2
413 2381 460 2409 re
495 2370 523 2407 C
555 2380 624 2408 me
656 2370 689 2406 T
721 2379 824 2407 reae
859 2366 988 2406 Burs.
1012 2363 1028 2417 [Ι
1058 2364 1138 2405 flet
1169 2365 1269 2404 add.
1302 2362 1432 2403 Burs.
1457 2360 1473 2414 ΙΙ
1506 2363 1531 2402 4
1563 2375 1632 2402 me
1665 2375 1742 2402 om.
1774 2361 1807 2400 13
1838 2357 1850 2412 l

242 2426 383 2468 odisti
414 2427 447 2464 T
487 2423 503 2476 ΙΙ
545 2426 570 2464 5
611 2424 871 2476 consciame
911 2425 973 2461 Ta
994 2419 1010 2473 ΙΙ
1033 2421 1247 2474 meligere
1289 2432 1468 2471 paenae
1500 2420 1549 2467 ὓς
1589 2432 1643 2458 cm
1676 2418 1852 2458 Paene·

243 2483 359 2523 dixi:
382 2484 402 2522 ‘?
426 2479 441 2533 ΙΙ
464 2483 490 2522 6
521 2482 818 2520 anteauctum
850 2481 912 2518 Ta
933 2476 949 2530 ΙΙ
970 2481 995 2520 8
1027 2478 1116 2518 nisi
1140 2481 1185 2517 et
1206 2477 1241 2515 E
1263 2474 1279 2528 ΙΙ
1301 2477 1326 2516 9
1358 2476 1583 2515 moriante
1604 2474 1637 2512 B
1658 2472 1674 2526 η
1699 2474 1750 2514 10
1772 2485 1853 2525 pu·

243 2539 396 2592 gnatis
407 2539 469 2576 Ta
490 2534 505 2588 ΙΙ
531 2538 579 2576 11
599 2535 779 2588 potesA
799 2532 814 2586 ΙΙ
837 2547 928 2575 non
946 2534 1144 2587 potestA
1166 2531 1182 2585 ll
1206 2535 1256 2572 12
1274 2536 1465 2572 mortem
1482 2531 1527 2580 0,
1540 2543 1654 2573 corr.
1668 2529 1824 2570 Schult.
1841 2525 1854 2580 Η

241 2595 369 2636 rabie
404 2590 573 2646 [rabies
603 2589 654 2643 T]
691 2595 762 2633 est
792 2591 846 2642 0,
893 2603 1011 2631 corr.
1044 2591 1078 2628 E
1119 2589 1248 2632 Burs.
1290 2586 1305 2640 ΙΙ
1357 2589 1410 2628 14
1440 2584 1519 2639 ad]
1563 2588 1610 2626 in
1640 2586 1675 2625 E
1715 2583 1731 2637 ΙΙ
1773 2596 1855 2636 per

241 2665 321 2692 om.
352 2653 383 2690 T
405 2647 421 2702 ΙΙ
460 2651 511 2690 15
542 2653 732 2688 suarunt
762 2649 790 2686 c
811 2645 827 2699 n
863 2646 1072 2687 abscissa
1103 2648 1135 2685 T
1157 2643 1173 2697 ΙΙ
1204 2646 1256 2684 16
1288 2645 1417 2684 fuera
1447 2645 1475 2682 G
1515 2641 1722 2694 fugeram
1752 2643 1815 2680 Ta
1845 2637 1859 2690 Η

244 2710 299 2748 20
329 2706 517 2746 uindico
548 2704 690 2744 filium
719 2706 752 2743 T
794 2702 810 2755 ΙΙ
849 2704 902 2743 21
936 2701 1142 2744 ostendit
1172 2703 1272 2740 cTa
1307 2698 1324 2752 {l
1363 2697 1630 2741 beneficium
1660 2698 1712 2748 0,
1742 2708 1858 2737 corr.

244 2763 376 2803 Burs.
406 2760 422 2814 ΙΙ
458 2760 607 2802 simile
640 2763 713 2801 est
742 2763 806 2800 Ta
845 2757 861 2811 ΙΙ
899 2758 1136 2799 mendacio
1166 2758 1243 2796 BT
1278 2754 1294 2809 ΙΙ
1330 2757 1399 2795 21.
1421 2757 1476 2796 22
1506 2755 1547 2795 si
1578 2751 1855 2794 incredibile
1911 2792 1916 2796 .

245 2822 268 2860 ἓ
299 2821 348 2871 ῦ,
382 2831 462 2859 om.
495 2820 548 2868 Τ;
582 2830 697 2858 corr.
727 2816 859 2858 Burs.
884 2813 899 2867 11
930 2816 984 2855 24
1015 2814 1170 2855 futura
1200 2813 1228 2853 G
1261 2812 1416 2853 future
1447 2813 1501 2860 Τ,
1533 2822 1647 2850 corr.
1678 2809 1811 2850 Burs.
1844 2803 1860 2858 ΙΙ

245 2877 301 2917 26
331 2874 518 2915 memini
547 2875 649 2914 GTa
687 2870 703 2925 [Ι
739 2871 872 2912 uerba
903 2873 950 2912 at
989 2869 1074 2912 illa
1106 2869 1148 2911 d.
1181 2880 1409 2911 nouercae
1449 2880 1526 2912 om,
1558 2868 1590 2906 Τ
1619 2863 1636 2917 ΙΙ
1676 2865 1731 2906 27
1768 2862 1860 2905 filia

247 2930 356 2985 quid
386 2931 423 2970 A
443 2928 460 2984 [Ι
488 2931 544 2972 28
574 2941 686 2971 uoce
718 2929 817 2968 cTa
