1942 3034
117 119 259 172 p.342
278 118 332 160 B.
482 115 811 158 ExcssRPTA
839 113 1140 159 oou'rssov.
1171 115 1292 159 ΜΒ.
1324 115 1362 160 1.
1633 113 1736 166 143

118 242 334 311 captiua
367 241 698 309 libertatem,
746 241 804 293 in
878 240 1132 294 rostituta
1165 238 1480 308 pudicitiam
1491 281 1506 308 ,
1545 240 1604 292 in
1641 240 1736 293 ho-

116 312 312 366 micida
347 312 745 381 mnocemssiam,
853 314 1029 365 arrate
1065 327 1196 364 sane
1233 327 1420 363 omnes
1458 313 1735 379 tamquam

116 385 183 438 ad
220 384 565 454 prostitutam
602 383 838 448 uenisse,
887 381 1015 435 dum
1059 384 1335 450 tamquam
1381 399 1413 433 a
1459 381 1734 434 sacerdote

117 455 473 508 discesserint.
526 452 700 515 Quam
735 452 931 521 pudica
968 452 1053 521 sit,
1091 451 1244 504 miles
1271 450 1532 519 ostendit,
1573 470 1735 520 quam

116 527 395 591 innocenS,
432 523 617 591 iudex,
657 541 817 591 quam
853 523 1010 591 felix,
1048 522 1267 575 reditus
1338 521 1489 575 Inter
1524 525 1609 575 tot
1644 539 1734 591 pe-

115 595 285 649 ricula
321 595 395 647 dii
432 611 546 647 non
584 597 904 662 seruassent,
923 594 1030 646 nisi
1055 593 1158 646 sibi
1196 593 1460 646 seruaturi
1483 592 1731 646 fuissent.

113 666 311 720 Totum
365 664 598 734 populus
644 663 712 716 ad
760 664 1078 716 seruandam
1129 663 1445 732 pudicitiam
1503 663 1736 718 contulit

114 735 368 806 quicquid
414 735 482 788 ad
519 734 830 787 uiolandam
877 734 1160 787 adtulerat.
1209 733 1398 788 ·Dicat
1444 734 1546 787 diis
1582 734 1734 804 pudi-

113 808 296 860 citiam
333 807 527 875 quibus
564 804 738 858 debet.

69 914 92 947 0
254 877 439 930 Extra.
514 875 702 946 Longe
757 875 1114 929 recedendum
1169 878 1252 927 est
1307 875 1374 928 ab
1431 875 1579 928 omni
1642 875 1733 929 ob-

114 948 407 1002 scoenitate
446 950 501 1000 et
535 947 826 1000 uerborum
852 949 907 998 et
943 964 1211 999 sensuum.
1265 945 1526 1014 quaedam
1565 947 1733 998 satius

114 1022 194 1072 est
219 1036 409 1072 causae
430 1018 751 1071 detrimento
777 1020 953 1070 tacere
974 1035 1136 1086 quam
1162 1015 1514 1069 uerecundiae
1542 1017 1732 1070 dicere.

475 1255 1187 1325 <ooN'raovERsiA
1223 1256 1378 1326 111.>

631 1371 888 1414 INCESTA
920 1373 1002 1413 DE
1037 1371 1213 1414 SAXO.

46 1500 89 1534 ιε
110 1484 323 1538 Incesta
368 1501 496 1536 saxo
546 1482 822 1536 deiciatur.
898 1482 1097 1535 Incesti
1143 1482 1396 1535 damnata
1440 1486 1732 1552 antequam

253 1554 548 1607 deiceretur
587 1553 810 1607 Vestam
847 1553 1150 1622 inuocauit3
1192 1553 1396 1606 deiecta
1433 1554 1585 1606 uixit.
1649 1572 1731 1607 re-

250 1625 453 1694 petitur
489 1624 558 1677 ad
594 1642 841 1693 poenam.

215 1723 278 1776 Id
315 1723 460 1776 enim
487 1723 671 1776 deerat
706 1726 768 1775 ut
803 1723 1099 1776 modestior
1135 1722 1194 1775 in
1219 1741 1348 1776 saxo
1388 1726 1528 1776 esset
1566 1742 1729 1793 quam

108 1795 167 1847 in
203 1795 433 1847 sacrario
472 1793 664 1847 fuerat.
741 1793 992 1847 Dubitari
1029 1796 1211 1863 potest
1244 1794 1376 1863 quin
1414 1812 1582 1863 usque
1621 1794 1728 1848 dei-

45 1880 88 1914 ιο
111 1865 299 1918 cienda
336 1865 421 1933 sit,
447 1864 618 1917 donec
646 1863 913 1918 efficiatur
950 1868 1172 1934 propter
1196 1864 1340 1933 quod
1365 1864 1571 1918 deiecta
1608 1865 1728 1918 est?

110 1935 479 1989 Patrocinium
553 1953 708 1988 suum
782 1939 938 2004 putat
1001 1935 1261 2004 pereundi
1333 1935 1726 1989 infelicitatem,

111 2005 276 2075 Quid,
314 2006 609 2075 inportuna
644 2005 861 2073 mulier,
899 2023 1110 2075 precer,
1148 2006 1254 2059 nisi
1292 2009 1353 2058 ut
1384 2024 1453 2058 ne
1490 2006 1574 2059 bis
1614 2007 1728 2075 qui-

109 2076 230 2130 dem
280 2076 486 2130 deiecta
532 2076 762 2146 pereas?
834 2076 1121 2145 Exponam
1169 2094 1291 2129 cum
1337 2094 1444 2145 quo
1483 2081 1728 2146 stuprum

34 2149 37 2170 ¹
108 2148 196 2201 uel
234 2147 448 2217 quando
487 2147 853 2200 commiserit?
913 2148 1040 2216 quia
1077 2148 1304 2216 probaui
1342 2148 1471 2216 ista,
1511 2148 1727 2201 damna-

44 2229 88 2266 π
109 2219 220 2272 stis.
272 2217 399 2272 Non
475 2222 595 2272 utas
621 2218 795 2288 legem
824 2219 1027 2271 cauisse
1065 2223 1126 2271 ut
1162 2219 1379 2287 perireS,
1408 2236 1545 2287 quae
1583 2219 1728 2272 cauit

109 2288 426 2358 quemadmo
467 2308 556 2342 um
605 2289 849 2358 perires?
924 2288 1065 2342 Male
1114 2289 1177 2342 de
1225 2289 1327 2342 diis
1383 2290 1632 2343 aestimas
1682 2290 1726 2342 si

111 2359 374 2412 sacerdoti
410 2360 684 2413 suae‘tam
723 2377 841 2413 sero
881 2363 1216 2413 succurrunt.
1277 2359 1362 2413 Ita
1399 2359 1473 2412 dii
1512 2360 1726 2413 damna·

110 2435 219 2482 tam
257 2429 561 2483 maluerunt
597 2430 877 2484 absoluere
915 2449 1075 2500 quam
1115 2430 1481 2484 sacerdotem?

252 2498 383 2551 Pars
419 2500 602 2555 altera.
676 2500 946 2555 Damnata
981 2501 1186 2555 deiecta
1222 2505 1317 2571 est,
1357 2502 1604 2555 absoluta
1641 2501 1726 2555 de-

253 2702 278 2738 5
308 2698 485 2752 pericla
516 2698 599 2751 ΙΙ
629 2701 653 2740 7
686 2700 947 2754 pudititiam
979 2703 1024 2742 Η
1054 2700 1069 2755 ΙΙ
1104 2704 1153 2742 12
1186 2672 1508 2743 uon-1³011nd0m
1545 2703 1590 2740 H
1618 2699 1634 2754 ΙΙ
1676 2702 1725 2742 18

107 2755 182 2795 nb
231 2769 343 2795 aser.
382 2754 663 2796 declamatio
709 2760 749 2796 ee
789 2758 852 2797 sic
896 2759 939 2799 in
977 2759 1163 2800 omnibus
1207 2759 1304 2810 fere
1346 2771 1454 2813 quae
1492 2762 1726 2811 sequuntur

32 2812 33 2819 ’
106 2813 413 2909 ξὲιὲιινοίειηίὶε
452 2810 468 2864 ΙΙ
514 2814 564 2853 19
609 2824 700 2854 non
739 2816 892 2866 potest
928 2814 1004 2855 ub
1053 2813 1070 2868 ΙΙ
1119 2817 1174 2857 20
1212 2815 1359 2857 denec
1398 2816 1443 2854 Μ
1493 2813 1510 2868 ΙΙ
1550 2816 1605 2856 23
1646 2826 1727 2866 pa-
