1942 3034
199 129 304 183 286
326 194 339 197 ‚
723 129 953 172 ANNAEI
985 128 1260 171 SENECAE
1326 126 1330 127 ⁷
1600 131 1737 185 p.405
1755 133 1806 173 B.

336 254 659 325 terrogauit,
708 255 837 323 quid
883 257 1046 323 esset3
1102 254 1194 307 1116
1250 254 1384 307 dixit
1438 273 1708 308 uenenum
1756 260 1809 309 et

336 325 474 379 mori
512 344 567 378 se
604 325 761 377 uelle.
810 325 1025 394 rogauit
1060 325 1155 377 illa
1190 327 1252 377 ut
1286 328 1496 394 partem
1521 327 1623 379 sibi
1660 327 1810 380 daret

339 399 392 449 et
430 396 564 448 dixit
601 414 655 447 se
693 395 839 447 nolle
878 395 992 447 31116
1030 395 1125 448 1110
1163 395 1364 448 uiuere.
1429 400 1636 464 partem
1672 397 1809 449 bibit

337 468 467 535 ipse,
506 469 714 534 partem
751 465 907 518 uxori
934 465 1092 518 dedit.
1142 466 1305 534 periit
1341 466 1435 518 illa
1473 467 1601 519 sola.
1650 471 1808 520 testa-

336 540 518 589 mento
555 537 810 588 inuentus
836 539 916 588 est
951 537 1172 589 maritus
1195 536 1364 590 heres.
1414 538 1691 590 restitutus
1730 557 1808 590 ar·
1831 557 1850 588 5

335 607 520 677 guitur
555 606 817 659 ueneficii.

303 704 391 758 Sic
432 705 543 775 egit
579 709 640 758 ut
677 705 1178 773 deprehenderetur,
1217 706 1292 757 310
1331 705 1690 774 deprehensus
1730 711 1809 759 est

195 780 255 829 ut
292 779 624 844 exoraretur,
672 777 747 828 sic
784 776 921 828 bibit
966 778 1026 827 ut
1071 777 1294 828 uiueret.
1359 775 1513 837 Quod
1550 780 1632 829 est
1667 777 1810 828 istud

198 865 464 899 uenenum
513 847 657 915 quod
710 850 922 899 tantum
979 846 1162 898 heredi
1210 844 1323 899 non
1376 847 1573 899 nocet?
1633 846 1808 900 Nemo

194 935 449 986 umquam
487 921 599 969 tam
635 917 814 985 palam
850 917 1005 970 uxori
1031 935 1301 969 uenenum
1327 915 1487 970 dedit.
1535 916 1700 987 Fugit
1738 935 1806 970 ne
1833 938 1872 968 ιο

196 987 526 1040 occideretur
574 988 667 1056 qui
715 988 843 1040 dicit
898 1005 953 1039 36
999 987 1137 1040 mori
1193 1005 1400 1056 cupere.
1477 987 1632 1040 Vnus
1687 1006 1807 1056 pro-

196 1058 487 1126 scriptione
534 1058 858 1126 locupletior
903 1057 1077 1110 factus
1127 1061 1220 1112 est.
1285 1057 1359 1110 Vt
1403 1058 1588 1111 uiuere
1627 1058 1804 1125 uellet,

196 1146 332 1181 uxor
369 1129 450 1180 illi
487 1128 804 1196 persuadere
842 1146 956 1181 non
992 1128 1195 1197 potuit3
1233 1129 1498 1196 persuasit
1535 1147 1618 1180 res
1657 1129 1807 1181 blan-

197 1199 329 1266 dior,
368 1200 549 1251 uxoris
586 1198 869 1251 hereditas,
933 1197 1066 1251 Sciit
1103 1217 1264 1267 quam
1312 1201 1520 1266 partem
1568 1200 1807 1267 potionis

194 1269 450 1324 hauriret.
526 1268 835 1322 Contrarias
891 1272 1068 1336 partes
1125 1268 1303 1338 gladio
1358 1273 1665 1337 persecutus
1713 1273 1808 1338 est,
1834 1288 1872 1319 15

195 1357 317 1392 suas
354 1357 582 1392 ueneno.
647 1338 935 1392 Occidendi
972 1339 1135 1391 finem
1181 1340 1330 1406 prius
1368 1340 1599 1391 uictores
1636 1339 1808 1392 fecere

197 1428 358 1479 quam
406 1410 551 1462 uicti.
630 1408 769 1471 Quid
814 1410 922 1462 iam
967 1410 1238 1478 putabatis
1276 1409 1544 1478 futurum,
1593 1428 1715 1462 cum
1751 1411 1810 1462 in

197 1481 443 1533 exsilium
490 1499 626 1533 uxor
672 1483 1055 1533 testamentum
1100 1480 1333 1548 tulisset,
1380 1481 1603 1533 maritus
1652 1499 1810 1533 uene-

194 1551 367 1604 num?
423 1551 531 1603 Vbi
571 1555 650 1603 est
685 1551 858 1603 uxor‘?
913 1550 1123 1619 Ecquid
1159 1554 1212 1603 te
1249 1550 1453 1619 pudet?
1500 1551 1606 1603 iam
1648 1552 1809 1603 etiam

195 1622 484 1691 proscripti
521 1621 760 1674 redeunt.
837 1619 1031 1674 Statim
1069 1624 1245 1673 sumta
1290 1621 1512 1689 potione
1560 1621 1814 1690 conlapsa
1838 1639 1878 1670 20

198 1697 293 1746 est.
350 1693 520 1745 nolite
570 1692 770 1760 mirari,
811 1692 856 1744 si
893 1695 1005 1744 tam
1044 1692 1232 1743 efficax
1271 1709 1540 1743 uenenum
1580 1695 1684 1744 est:
1723 1692 1814 1744 he-

196 1782 281 1817 res
320 1767 401 1816 est
438 1763 531 1832 qui
570 1763 730 1815 dedit.
787 1761 1019 1815 Summis
1057 1761 1169 1814 fere
1206 1762 1449 1830 partibus
1486 1762 1620 1814 leuis
1649 1766 1701 1814 et
1737 1763 1815 1814 in·

197 1835 390 1887 noxius
445 1852 600 1886 umor
655 1833 1023 1902 suspenditur,
1079 1833 1259 1902 grauis
1320 1832 1414 1884 illa
1461 1836 1514 1884 et
1559 1832 1816 1901 pestifera

198 1923 322 1974 pars
367 1905 604 1973 pondere
643 1923 738 1956 suo
787 1904 1027 1956 subsidit.
1092 1905 1335 1971 Apparet
1370 1905 1423 1955 te
1462 1903 1552 1954 diu
1598 1921 1816 1972 praepa-

199 1979 376 2028 ratum
421 1993 692 2028 uenenum
741 1974 1014 2026 habuisse:
1066 1973 1212 2026 scisti
1260 1972 1512 2026 diuidere.
1588 1973 1815 2026 Etiamsi
1840 1991 1879 2021 25
1933 1970 1942 2051 j

197 2050 377 2115 potest
424 2045 639 2098 defendi
686 2046 779 2114 qui
823 2045 1031 2097 uolenti
1078 2044 1245 2111 dedit,
1295 2047 1356 2096 tu
1402 2046 1555 2112 potes
1605 2044 1696 2112 qui
1742 2043 1817 2094 fe·
1929 2042 1942 2170 Ξ

200 2117 320 2169 cisti
366 2119 426 2169 ut
462 2116 666 2168 uellet?
719 2115 781 2167 Id
818 2133 987 2185 genus
1025 2115 1223 2167 ueneni
1259 2114 1364 2166 fuit
1401 2114 1544 2181 quod
1580 2113 1815 2181 pondere

200 2186 496 2239 subsideret
542 2187 599 2238 in
648 2187 811 2238 imam
858 2186 1150 2253 potionem.
1215 2184 1353 2235 bibit
1398 2183 1499 2235 iste
1545 2202 1712 2252 usque
1751 2185 1817 2236 ad
1921 2179 1942 2272 ξ

201 2275 487 2324 uenenum,
526 2275 662 2309 uxor
698 2273 982 2308 uenenum.
1013 2256 1029 2324 ΙΙ
1915 2275 1942 2315 ,ε’

305 2326 436 2379 Pars
474 2326 656 2378 altera.
720 2326 914 2378 Virum
951 2327 1009 2377 in
1045 2342 1175 2393 pace
1214 2324 1423 2391 dilexit,
1463 2325 1521 2375 in
1557 2324 1699 2376 bello
1739 2342 1815 2376 se·
1839 2341 1880 2373 30
1913 2287 1942 2352 ’ἑ

202 2399 325 2449 cuta
363 2401 457 2465 est,
497 2397 555 2448 in
592 2397 783 2448 ultimo
823 2395 1048 2447 consilio
1075 2413 1187 2447 non
1225 2394 1468 2462 reliquid.
1525 2393 1568 2446 Ο
1598 2394 1815 2464 dignam

203 2486 362 2536 quam
388 2467 649 2519 innocens
675 2467 893 2535 sequar!
934 2466 1147 2518 Bellum
1174 2465 1330 2517 ciuile
1358 2465 1459 2534 egi,
1485 2465 1815 2533 proscriptus

201 2556 343 2606 sum,
393 2537 632 2605 exulaui3
692 2536 820 2605 quid
866 2536 949 2588 his
997 2536 1151 2588 malis
1199 2535 1335 2587 adici
1382 2538 1561 2603 potest
1605 2535 1711 2586 nisi
1756 2538 1818 2586 ut

200 2625 469 2660 uenenum
505 2608 686 2660 bibam
724 2611 778 2659 et
814 2606 1035 2658 uiuam?
1091 2606 1403 2673 Venenum,
1443 2605 1679 2673 inquam,
1720 2608 1813 2656 est.

312 2766 340 2804 4
370 2776 511 2804 uxore
543 2765 617 2802 Ma
638 2761 654 2816 ΙΙ
687 2764 807 2816 perit
838 2766 883 2802 M
913 2762 928 2816 ΙΙ
963 2766 1010 2803 11
1046 2762 1474 2816 prostscriptionem
1505 2762 1578 2800 Ma
1608 2759 1622 2813 ss
1659 2762 1709 2802 15
1741 2774 1819 2801 au-

203 2821 315 2861 riret
344 2822 419 2859 Ma
458 2818 473 2872 ΙΙ
518 2822 567 2861 19
599 2821 659 2860 Et
692 2819 800 2872 quid
831 2822 876 2858 M
915 2819 931 2873 11
979 2822 1029 2861 31
1063 2819 1253 2871 reliquit
1282 2819 1352 2858 Mb
1403 2815 1418 2870 ΙΙ
1459 2819 1512 2858 32
1547 2817 1682 2858 ciuile
1713 2817 1816 2871 lege

203 2878 262 2926 M,
293 2890 406 2918 corr.
441 2877 571 2918 Burs.
