1942 3034
61 68 216 163 Ῐμθω
237 105 295 148 Β.
446 101 775 147 Excnnr'm
804 100 1110 145 com-nov.
1141 101 1263 148 Lm.
1296 102 1332 143 1.
1594 99 1693 152 147

78 232 314 285 dixisset.
378 227 629 282 Seruium
665 243 847 297 regem
882 225 1011 279 tulit
1045 224 1234 279 Roma.
1300 223 1441 287 Quid
1476 225 1577 278 tibi
1614 227 1694 280 ui-

78 303 272 355 dentur
308 300 388 352 illi
426 300 493 352 ab
530 301 708 351 aratro
746 298 840 366 qui
875 298 1189 366 paupertate
1226 313 1323 348 sua
1357 296 1570 350 beatam
1605 298 1694 352 fe—

78 390 196 427 cere
233 367 659 439 rempublicam‘?
707 366 836 420 Non
872 384 1153 436 possumus
1189 383 1299 419 una
1322 365 1507 421 felices
1546 386 1689 422 esse:

78 442 224 513 quod
260 442 508 508 solemne,
546 456 655 491 una
693 437 937 490 infelices
975 437 1187 490 erimus.
1216 437 1235 506 ΙΙ

35 701 60 736 ⁸
418 672 1126 744 <CONTRovERSIA
1179 674 1355 744 vn>

332 794 369 833 A
402 789 636 834 PIRATIS
678 788 1098 862 URANNICIDA
1136 789 1438 834 DIMISSVS.

78 906 258 960 Liberi
295 907 546 974 parentes
583 900 731 953 alant
769 903 862 952 aut
899 899 1224 952 uinciantur.
1301 898 1529 961 Quidam
1566 904 1695 957 alte·

28 973 31 988 '
219 979 339 1028 rum
375 974 596 1026 fratrem
632 975 939 1040 tyrannum,
966 969 1195 1022 alterum
1222 970 1280 1021 in
1306 970 1568 1026 adulterio
1608 974 1694 1027 de-

218 1045 544 1116 prehensum
569 1041 888 1110 deprecante
924 1044 1077 1109 patre
1114 1039 1400 1094 interfecit.
1449 1060 1481 1095 a
1504 1044 1695 1112 piratis

220 1120 407 1185 captus
444 1112 656 1181 scripsit
692 1111 835 1180 patri
873 1111 937 1163 de
984 1110 1378 1179 redemptione3
1426 1117 1582 1181 pater
1617 1117 1695 1184 pi-

220 1187 350 1240 ratis
396 1183 679 1254 epistolam
727 1181 900 1234 misit:
949 1181 994 1234 si
1031 1180 1416 1250 praecidissent
1459 1183 1541 1237 illi
1586 1204 1695 1239 ma-

219 1275 321 1310 nus
331 1299 346 1324 ‚
411 1254 629 1323 duplam
683 1252 967 1321 pecuniam
1024 1269 1079 1304 se
1142 1251 1407 1306 daturum.
1489 1256 1695 1324 piratae

219 1329 371 1381 illum
419 1325 754 1377 dimiserunt.
830 1326 983 1391 pater
1030 1322 1089 1374 in
1137 1325 1430 1402 egestatem
1488 1325 1693 1397 incidit,
1759 1328 1763 1332 ’

220 1398 358 1468 petit
382 1396 653 1449 alimenta.
704 1395 995 1463 negantem
1020 1392 1141 1445 uult
1177 1410 1236 1445 1n
1271 1393 1452 1447 uincla
1487 1396 1694 1452 ducere.

221 1466 554 1523 contradicit.

186 1567 276 1622 ‘Si
313 1563 734 1636 praecideritis':
774 1562 819 1614 si
857 1561 1099 1613 irasceris
1112 1603 1126 1629 ,
1165 1562 1336 1614 scribe
1371 1565 1579 1631 potius:
1621 1569 1696 1621 ‘si

78 1638 425 1694 occideritis'.
488 1631 848 1703 Tyrannicida
886 1631 1087 1684 exitum
1124 1633 1342 1700 tyranni
1381 1652 1532 1705 rogo,
1581 1656 1695 1692 non

22 1713 25 1724 ¹
76 1711 240 1763 timeo
279 1726 347 1761 ne
373 1724 503 1775 quas
540 1721 731 1756 manus
768 1702 974 1771 piratae
1009 1701 1304 1771 soluerunt,
1343 1704 1544 1760 iudices
1582 1709 1696 1762 alli-

21 1823 23 1826 .
79 1786 223 1852 gent.
297 1778 403 1832 Pro
441 1775 683 1829 adultero
723 1773 835 1825 filio
873 1789 1047 1842 rogas.
1116 1775 1356 1841 quaerite
1393 1794 1539 1830 nunc
1568 1797 1697 1848 quo-

79 1850 238 1904 modo
275 1846 492 1919 tyranni
529 1847 679 1898 fiant.
755 1842 1019 1911 ‘Duplam
1059 1841 1252 1895 dabo':
1302 1851 1549 1917 apparet,
1596 1869 1695 1919 pro

79 1922 238 1974 unico
276 1919 386 1971 filio
425 1920 607 1986 rogat3
648 1913 902 1982 ‘duplam
937 1912 1130 1965 dabo’:
1170 1913 1394 1969 alteram
1427 1936 1527 1986 pro
1566 1920 1696 1991 filio,

26 1138 60 1173 ιθ

77 2062 180 2116 hoc
219 2078 315 2113 nec
353 2058 595 2111 adultero
634 2055 857 2107 fecimus
895 2071 994 2105 nec
1042 2057 1292 2122 tyranno,
1368 2057 1697 2116 Etiamnunc

77 2150 269 2186 manus
306 2147 451 2183 meas
489 2126 666 2196 petis?
739 2123 896 2194 Nega
933 2128 1082 2176 tuam
1121 2142 1233 2177 esse
1284 2128 1593 2200 epistolam3
1644 2138 1697 2186 et

77 2201 242 2256 habes
278 2203 682 2270 argumentum:
722 2194 831 2247 dic:
871 2211 972 2263 ego
999 2211 1190 2274 rogare
1226 2197 1388 2251 etiam
1424 2218 1523 2269 pro
1550 2202 1698 2256 adul-

76 2278 195 2327 tero
243 2271 405 2325 soleo,
482 2267 826 2322 Remiserunt
872 2283 956 2317 me
1005 2265 1331 2334 re1publicae
1370 2287 1490 2323 cum
1527 2275 1696 2327 mani·

18 2391 19 2394 ,
78 2343 204 2411 bue,
240 2342 382 2411 patri
421 2357 540 2392 cum
579 2336 838 2407 epistolis.
914 2335 1034 2388 Hoc
1071 2341 1259 2391 nostro
1299 2340 1477 2394 seculo
1516 2343 1582 2395 ad
1620 2345 1695 2397 fa-

79 2412 234 2465 bulas
270 2410 467 2476 deerat,
504 2415 565 2461 ut
600 2410 908 2461 narraretur
945 2405 1139 2475 aliquis
1178 2408 1384 2463 solutus
1422 2430 1455 2464 a
1488 2413 1694 2485 piratis,

80 2483 332 2552 alligatus
369 2500 400 2533 a
437 2486 602 2560 patre.
654 2477 787 2530 Eius
825 2475 1155 2530 crudelitatis
1195 2483 1368 2533 emtor
1405 2483 1557 2537 cuius
1594 2503 1696 2540 nec

19 2555 253 2623 »pirata
293 2550 554 2603 uendxtor.
613 2546 876 2616 'Duplam
915 2545 1110 2602 dabo':
1151 2549 1279 2618 quid
1316 2569 1533 2607 necesse
1573 2557 1695 2609 est?

196 2756 213 2793 1
250 2722 430 2793 semiim
451 2751 494 2790 1
515 2747 532 2800 u
555 2747 666 2799 Quit
694 2747 739 2786 Π
757 2759 809 2837 gt.
829 2759 899 2798 pr.
926 2745 942 2798 n
967 2746 1017 2786 17
1049 2749 1298 2799 tyrannides
1328 2752 1373 2790 Η
1403 2766 1453 2794 m.
1483 2768 1552 2807 pr.
1577 2755 1593 2808 ΙΙ
1636 2757 1693 2797 29

82 2815 372 2907 οῐζάυΙίἰειίὶε
403 2852 447 2890 1
470 2851 485 2901 ΙΙ
508 2853 562 2891 30
591 2845 806 2899 uenditur
834 2844 879 2883 11

1273 2924 1352 2966 10·

78 1992 301 2046 alteram
348 2006 444 2058 pro
491 1983 856 2055 tyrannicida3
908 1984 981 2035 ‘si
1031 2001 1221 2035 manus
1270 1988 1695 2054 praecideritis':
1788 2038 1794 2043 .
