1936 3100
181 758 300 825 (M.
341 756 676 821 ANNAEI
718 757 1117 821 SENECAE
1162 755 1644 820 ORATORVM
1683 756 1803 822 ET

179 871 671 936 RHETORVM
705 871 1259 935 SENTENTIAE
1298 866 1803 935 DIVISIONES
1847 857 1851 860 ⁴
1883 910 1890 913 -
1918 895 1934 906 ··

322 983 721 1048 COLORES
778 982 1658 1047 CONTROVERSIARVM.
1916 985 1936 998 ”

709 1096 975 1158 LIBER
1019 1096 1271 1164 VIHL>

138 1369 160 1402 ⁵
182 1348 385 1404 Seneca
420 1348 659 1417 Nouato,
695 1348 1019 1419 (Senecae),
1057 1348 1231 1403 Melae
1268 1349 1393 1403 filiis
1431 1350 1677 1404 salutem.

287 1462 402 1516 Iam
438 1462 661 1516 uidebar
696 1462 1021 1532 promissum
1044 1481 1225 1516 meum
1261 1463 1536 1534 implesse3
1576 1463 1802 1518 circum·
1830 1467 1860 1516 1

182 1551 206 1586 s
247 1533 471 1587 iciebam
516 1537 727 1603 tamen,
774 1533 1039 1604 numquid
1074 1552 1159 1587 me
1206 1534 1566 1604 praeterisset.
1641 1533 1802 1589 Vltro

234 1604 403 1657 otieni
428 1603 679 1657 Montani
716 1604 1049 1658 mentionem
1086 1604 1373 1674 intulistis3
1412 1608 1466 1659 et
1501 1605 1668 1658 uelim
1703 1623 1803 1660 uos

181 1674 407 1728 subinde
444 1674 627 1744 aliqua
661 1676 887 1728 nomina
922 1675 1059 1728 mihi
1098 1675 1289 1729 offerre
1315 1676 1509 1746 quibus
1547 1679 1805 1731 euocetur

117 1765 159 1798 ιο
180 1746 441 1799 memoria
476 1763 597 1799 mea
632 1764 768 1816 quae
808 1745 1078 1816 quomodo
1115 1747 1300 1801 senilis
1346 1765 1444 1817 per
1480 1765 1536 1800 se
1584 1750 1802 1818 marcet,

180 1816 330 1884 (ita)
365 1815 641 1870 admonita
677 1821 732 1870 et
768 1817 1058 1887 aliquando
1106 1818 1357 1871 lacessita
1404 1817 1562 1871 facile
1601 1835 1656 1872 se
1695 1818 1802 1872 col·
1869 1862 1875 1868 .
1904 1819 1921 1827 ’“

179 1885 329 1957 liget.
403 1885 737 1941 Monnxvs
772 1886 1082 1942 Vooemnvs
1122 1888 1254 1942 adeo
1293 1906 1574 1959 nunquam
1625 1891 1801 1943 osten-

180 1956 404 2010 tationis
429 1957 751 2011 declamauit
775 1976 950 2028 causa,
975 1962 1038 2012 ut
1061 1977 1131 2012 ne
1158 1959 1557 2013 exercitationis
1582 1959 1802 2030 quidem
1900 1968 1905 1973 ”

181 2026 576 2082 declamauerit.
640 2029 906 2082 rationem
964 2031 1243 2099 quaerenti
1290 2030 1424 2083 mihi
1472 2030 1573 2084 ait:
1621 2034 1802 2085 utram

116 2096 305 2150 uuis?
366 2098 650 2158 honestam
697 2117 767 2152 an
805 2100 1031 2153 ueram?
1092 2100 1136 2154 si
1183 2100 1493 2166 honestam,
1543 2119 1612 2155 ne
1659 2101 1802 2156 male

180 2167 503 2223 adsuescam.
563 2169 655 2239 qui
694 2169 1138 2225 declamationem
1175 2176 1331 2241 parat
1365 2172 1550 2226 scribit
1587 2189 1702 2226 non
1738 2176 1802 2227 ut
1911 2188 1914 2190 ·

180 2238 379 2307 uinmt,
416 2239 510 2293 sed
547 2245 608 2293 ut
644 2240 867 2310 placeat.
932 2242 1115 2295 omnia
1150 2243 1333 2313 itaque
1370 2243 1642 2297 lenocinia
1680 2241 1797 2316 [ita]

181 2309 479 2389 conquirit3
529 2312 1052 2382 argumentationes,
1102 2314 1229 2383 quia
1278 2313 1537 2367 molestae
1584 2317 1712 2367 sunt
1749 2317 1804 2367 et

182 2378 468 2433 mimmum
503 2381 707 2435 habent
742 2382 915 2451 floris,
953 2383 1238 2453 relinquit3
1290 2385 1573 2438 sententiis
1583 2426 1597 2454 ,
1637 2384 1803 2454 expli-

118 2467 164 2501 20
184 2449 487 2503 cationibus
543 2450 811 2506 audientis
866 2452 1091 2508 delinire
1147 2458 1434 2509 contentus
1482 2459 1577 2509 est.
1653 2455 1804 2525 cupit

296 2609 322 2648 5
355 2605 561 2649 Senecae
592 2609 747 2650 addidi
766 2608 783 2661 ΙΙ
804 2609 893 2651 mal
953 2611 991 2651 A
1011 2609 1029 2666 Ι]
1050 2610 1144 2654 filio
1175 2614 1207 2653 Τ
1230 2610 1246 2666 ΙΙ
1269 2614 1293 2654 7
1326 2612 1572 2667 preteriret
1602 2614 1647 2666 0,
1680 2624 1802 2657 corr.

190 2661 263 2702 W.
297 2662 458 2705 Mamer
478 2661 495 2715 ΙΙ
517 2666 543 2705 9
573 2663 819 2707 nominam‘
851 2666 890 2707 Δ
948 2672 1144 2710 uocetur
1173 2669 1219 2718 0,
1249 2682 1365 2712 eor-r.
1399 2668 1558 2711 Schult.
1580 2666 1596 2723 11
1621 2671 1675 2710 10
1704 2681 1801 2710 me-

179 2719 320 2759 moria
361 2723 408 2760 et
449 2732 536 2774 que
577 2719 633 2770 0,
670 2734 785 2765 corr.
823 2722 956 2765 Bure.
1005 2722 1022 2777 ΙΙ
1084 2726 1134 2765 11
1175 2726 1242 2767 itt
1280 2726 1381 2768 add.
1421 2725 1468 2766 O.
1511 2725 1625 2767 Ialm
1679 2723 1696 2778 ΙΙ
1749 2726 1801 2767 13

180 2773 404 2816 clamauit
434 2776 536 2816 Οτι.
584 2774 602 2829 fl
652 2777 924 2820 exercitatis
957 2777 1260 2830 (exercitatus
1290 2784 1342 2834 Τ)
1382 2795 1497 2827 corr.
1528 2782 1583 2823 Ν.
1617 2781 1759 2823 Faber·
1786 2778 1802 2835 ΙΙ

180 2832 234 2872 16
264 2833 452 2886 scripsit
474 2831 505 2872 0
525 2831 542 2885 fl
567 2834 618 2875 17
650 2834 818 2876 Omnia
839 2834 1057 2889 altaquae
1078 2837 1107 2877 0
1127 2834 1145 2890 ΙΙ
1170 2837 1239 2879 ita
1261 2838 1343 2880 del.
1365 2837 1515 2889 Bura,
1534 2838 1686 2880 Haase
1707 2835 1724 2890 ΙΙ
1745 2838 1802 2879 20

180 2886 390 2930 audienti
422 2887 522 2941 'ran
551 2888 736 2932 deliniri
767 2890 825 2942 0,
858 2905 973 2936 corr.
