1942 3034
245 737 365 809 <Μ.
381 737 697 798 ΑΝΝΑΕΙ
717 736 1074 798 SENECAE
1098 737 1529 797 ORATORVM
1548 738 1649 796 ET
1669 738 1860 797 RHE-

247 849 519 910 TORVM
578 849 1083 910 SENTENTIAE
1142 848 1586 910 DIVISIONES
1645 848 1862 910 COLO-

314 962 462 1022 RES
503 962 1296 1024 CONTROVERSIARVM.
1354 962 1592 1022 LIBER
1614 962 1790 1037 VII.>

245 1225 482 1268 SENECA
502 1227 748 1270 NOVATO
772 1227 1049 1269 SENECAE
1071 1228 1282 1270 MELAE
1294 1225 1553 1282 <F1L118>
1563 1227 1861 1270 SALVTEM.

191 1345 216 1390 1
353 1337 573 1389 Instatis
621 1337 754 1388 mihi
804 1338 998 1390 cotidie
1037 1338 1100 1390 de
1138 1338 1397 1390 Albucio:
1440 1356 1554 1391 non
1590 1339 1732 1392 ultra
1768 1357 1865 1391 uos
1887 1355 1908 1388 5

252 1405 509 1477 differam,
548 1408 793 1475 quamuis
819 1426 932 1460 non
958 1407 1217 1460 audierim
1253 1408 1576 1478 frequenter,
1615 1427 1736 1462 cum
1771 1427 1867 1478 per
1937 1448 1942 1478 ἑ

249 1480 426 1530 totum
474 1495 676 1530 annum
724 1478 1007 1547 quinquies
1062 1479 1340 1531 sexiensue
1394 1479 1597 1548 populo
1654 1479 1866 1548 diceret,
1936 1490 1942 1546 {j

249 1549 376 1615 <et>
414 1547 482 1600 ad
527 1550 754 1600 secretas
792 1549 1200 1602 exercitationes
1247 1567 1360 1602 non
1396 1550 1553 1602 multi
1599 1550 1868 1618 inrumpe-
1932 1548 1942 1610 ἶ,

251 1621 374 1670 rent
411 1635 545 1686 quos
582 1622 765 1671 tamen
802 1620 1006 1689 gratiae
1033 1638 1159 1672 suae
1196 1620 1520 1688 paenitebat.
1571 1620 1726 1672 Alius
1753 1624 1868 1673 erat
1936 1626 1942 1691 Ἰ

253 1706 376 1740 cum
428 1688 617 1741 turbae
673 1707 727 1741 se
781 1690 1174 1757 committebat,
1230 1690 1366 1742 alius
1422 1707 1541 1742 cum
1597 1691 1865 1759 paucitate
1890 1694 1942 1740 ω’

252 1761 538 1811 contentus
578 1762 708 1812 erat.
755 1760 1047 1828 incipiebat
1085 1760 1229 1812 enim
1266 1760 1453 1812 sedens
1481 1764 1534 1813 et
1571 1762 1616 1812 si
1654 1760 1866 1829 quando

252 1828 407 1881 illum
443 1830 769 1897 produxerat
807 1831 976 1898 calor,
1017 1847 1302 1900 exsurgere
1340 1831 1584 1883 audebat.
1659 1831 1754 1883 illa
1789 1832 1867 1883 in-
1923 1850 1927 1856 ·

251 1899 574 1967 tempestiua
611 1900 669 1951 in
707 1900 1183 1953 declamationibus
1222 1901 1334 1954 eius
1370 1901 1716 1970 philosophia
1752 1901 1868 1953 sine
1927 1943 1929 1947 ,

252 1969 411 2021 modo
451 1972 580 2022 tunc
618 1973 672 2022 et
697 1970 812 2023 sine
837 1971 943 2024 fine
982 1971 1335 2042 euagabatur3
1374 1989 1496 2024 raro
1534 1974 1705 2024 totam
1743 1989 1867 2024 con-

253 2040 574 2092 trouersiam
621 2040 903 2109 implebat:
952 2059 1066 2094 non
1110 2059 1291 2110 posses
1338 2042 1510 2094 dicere
1549 2042 1868 2093 diuisionem
1924 2044 1925 2048 ’

254 2127 384 2177 esse,
422 2128 536 2162 non
571 2128 755 2179 posses
793 2111 1261 2183 declamationem;
1300 2115 1577 2180 tamquam
1611 2111 1868 2164 declama·
1915 2120 1923 2130 ·“

253 2179 394 2231 tioni
447 2180 678 2233 multum
733 2182 938 2247 deerat,
991 2185 1266 2250 tamquam
1327 2181 1580 2234 diuisioni
1639 2182 1869 2234 multum

256 2253 545 2317 supererat.
596 2250 730 2304 Cum
766 2251 968 2319 populo
996 2251 1194 2304 diceret
1221 2269 1405 2304 omnes
1442 2252 1584 2304 uires
1623 2270 1743 2304 suas
1781 2251 1868 2304 ad·
1907 2282 1917 2310 ,ς

255 2320 484 2372 uocabat
522 2323 575 2372 et
621 2320 741 2372 ideo
779 2338 892 2374 non
930 2321 1221 2374 desinebat.
1268 2323 1284 2391 ss
1331 2320 1500 2391 Saepe
1538 2322 1867 2375 declamante
1905 2339 1933 2377 :⁷

368 2519 494 2561 codd.
525 2518 702 2557 ABMT
734 2515 750 2570 ΙΙ
780 2520 807 2558 4
841 2519 1042 2560 Senecae
1075 2533 1151 2562 om.
1183 2518 1256 2573 ΤΗ
1286 2520 1478 2562 ΜΕΙΛΕ
1509 2522 1542 2561 Β
1574 2521 1723 2562 malae
1754 2523 1827 2560 Ma
1856 2517 1870 2573 Η
1896 2507 1906 2543 .‘
1931 2512 1942 2543 z·

255 2572 364 2614 filiis
394 2586 471 2614 om.
505 2575 574 2613 0¹1·
614 2571 630 2626 ss
661 2574 686 2614 5
710 2575 899 2616 cottidie
930 2577 967 2614 A
997 2574 1012 2629 ΙΙ
1043 2577 1068 2616 6
1110 2577 1275 2629 quauis
1305 2578 1338 2616 Β
1380 2574 1395 2629 ΙΙ
1427 2577 1664 2618 audieram
1694 2578 1765 2616 GT
1806 2575 1822 2630 ΙΙ
1844 2578 1869 2617 7

258 2630 475 2670 exiensue
507 2631 536 2668 C
576 2630 786 2671 exiensut
818 2634 850 2671 Τ
889 2633 1101 2672 sexiesue
1132 2634 1178 2671 Π
1206 2631 1221 2686 ΙΙ
1262 2634 1288 2673 8
1321 2637 1367 2673 et
1397 2635 1550 2674 addidi
1568 2631 1584 2686 ΙΙ
1625 2635 1869 2674 interrum—
1924 2654 1942 2687 s,

254 2689 418 2738 petent
447 2687 493 2724 Π
520 2683 535 2738 ΙΙ
572 2687 597 2726 9
630 2698 741 2738 ques
771 2687 807 2726 A
847 2699 987 2739 quaes
1016 2689 1050 2728 13
1079 2686 1095 2741 ΙΙ
1133 2690 1185 2729 10
1214 2689 1501 2742 paucitatem
1530 2691 1600 2730 GT
1629 2687 1645 2742 ΙΙ
1682 2691 1733 2729 11
1767 2702 1870 2729 con-
1896 2692 1942 2746 '35

254 2745 509 2794 tempserat
538 2742 745 2782 AB'rua
791 2748 1080 2798 contemptus
1117 2749 1217 2786 erat
1253 2745 1324 2785 Mb
1374 2743 1390 2799 ΙΙ
1432 2748 1483 2786 12
1522 2746 1743 2787 audiebat
1771 2746 1809 2784 A
1853 2741 1915 2798 {13

254 2796 340 2838 illu
368 2798 406 2836 A
446 2795 461 2850 ss
505 2799 555 2840 13
588 2798 907 2852 philosophias
937 2801 990 2844 in
1018 2814 1074 2843 ea
1105 2802 1134 2840 0
1173 2799 1190 2854 ΙΙ
1233 2803 1284 2842 15
1315 2814 1450 2854 posse
1483 2803 1512 2840 G
1553 2799 1569 2854 ΙΙ
1611 2803 1665 2844 18
1695 2802 1869 2842 dicei-at

256 2854 293 2893 A
322 2851 395 2907 (5³),
428 2853 611 2896 dicebat
639 2854 847 2897 Konitzer
1899 2861 1905 2881 ‘

1898 2934 1942 3032 ξε
