1936 3100
243 126 350 179 370
368 189 376 191 ‚
770 123 999 166 ΑΝΝΑΕΙ
1033 124 1308 166 sENEcAE
1660 127 1794 178 p.412
1806 128 1858 168 B.

245 250 447 302 Multas
495 267 675 302 rerum
720 252 914 302 natura
958 250 1147 302 mortis
1185 250 1301 302 uias
1339 251 1550 319 aperuit
1587 253 1640 303 et
1675 252 1859 304 multis

246 320 529 373 itineribus
566 320 680 373 fata
717 319 1020 373 decurrunt.
1071 319 1115 373 O
1154 320 1323 372 maria
1359 321 1584 374 iustiora
1620 320 1856 374 iudiciis!

246 409 276 443 o
316 391 558 443 mitiores
605 390 871 458 procellae
919 392 1097 459 patre!
1158 390 1286 444 Non
1323 392 1523 459 putatis
1561 391 1858 444 misericor-

245 462 365 513 dem
414 461 506 529 qui
555 478 712 529 quem
763 460 1038 513 damnauit
1089 461 1420 528 puniendum
1475 461 1630 513 fratri
1677 461 1858 514 dedit?

247 530 503 585 Centurio
560 530 774 583 Luculli
819 530 1171 584 Mithridaten
1217 550 1328 584 non
1385 532 1564 600 potuit
1602 531 1856 600 occidere,
1880 550 1903 582 5

243 601 613 670 Mithridaten,
652 602 726 653 dii
751 602 896 670 boni,
925 620 1086 670 quam
1110 620 1223 654 non
1255 601 1474 654 dubium
1511 602 1856 671 parricidam!

244 672 444 740 Gaude,
483 675 651 740 pater,
690 675 881 724 neuter
919 690 983 724 ex
1020 673 1146 724 filiis
1183 673 1290 724 tuis
1327 673 1673 741 parricidium
1710 672 1852 725 fecit.

239 742 442 810 Narra,
489 745 667 811 pater,
711 743 999 810 ¹quomodo
1047 747 1100 795 te
1155 742 1415 795 dimiserit
1464 744 1539 796 816
1592 743 1853 796 dimissus

243 812 477 865 ‘Nocens
529 815 609 865 est
655 813 806 881 iste'3
864 813 954 865 sed
1003 813 1136 864 mihi
1179 814 1196 883 ΙΙ
1238 813 1404 865 frater
1451 816 1544 865 est.
1619 812 1856 866 Naturae

239 884 357 935 iura
393 901 544 935 sacra
581 886 708 935 sunt
746 884 907 936 etiam
933 887 1064 952 aput
1099 884 1314 952 piratas.
1366 883 1621 952 DixisseS,
1660 884 1854 952 inquit,
1879 901 1920 932 ιο

239 957 293 1006 te
331 972 444 1006 non
481 971 654 1022 posse.
712 954 788 1006 ita
825 958 883 1006 tu
922 954 1236 1007 nesciebas?
1272 954 1401 1007 Non
1426 954 1593 1023 licuit,
1632 973 1744 1006 non
1771 955 1855 1006 de-

242 1025 352 1093 bui,
391 1042 498 1076 non
541 1024 710 1092 potui.

351 1094 482 1147 Pars
520 1094 704 1147 altera.
762 1094 918 1164 Nega
954 1112 1099 1146 nunc
1136 1094 1455 1163 parricidam
1492 1095 1657 1147 fuisse
1696 1112 1854 1163 quem

244 1165 346 1217 scis
386 1182 498 1217 esse
535 1165 781 1232 piratam.
821 1164 1041 1217 Dimisit
1077 1183 1161 1217 me
1199 1165 1257 1216 in
1282 1165 1642 1234 patrocinium
1681 1184 1851 1233 suum,

242 1238 304 1286 ut
343 1235 469 1303 quia
505 1252 618 1287 non
659 1234 947 1302 occiderat,
996 1235 1268 1287 uideretur
1304 1253 1403 1288 nec
1440 1238 1564 1287 ante
1601 1236 1850 1288 uoluisse.
1877 1252 1917 1284 15

242 1304 371 1366 Quis
410 1323 571 1373 porro
610 1323 694 1356 me
733 1323 842 1357 uno
881 1277 1125 1357 miserior
1163 1305 1282 1357 est‘?
1355 1306 1524 1358 uitam
1559 1306 1852 1374 parricidae

241 1375 423 1428 debeo,

343 1445 528 1498 Extra.
581 1444 783 1515 Magna
807 1463 1074 1498 nouorum
1100 1446 1378 1498 rhetorum
1415 1464 1604 1498 manus
1630 1446 1688 1497 in
1713 1446 1852 1499 hanc

237 1519 446 1584 partem
494 1516 732 1584 transiit,
783 1519 842 1568 ut
881 1515 1083 1584 aliquid
1121 1516 1224 1569 dici
1273 1517 1515 1568 debuerit
1559 1516 1616 1568 in
1662 1534 1850 1569 nouer-

236 1605 377 1656 cam3
417 1586 637 1639 fuerunt
668 1590 721 1639 et
756 1586 837 1638 illi
864 1588 956 1655 qui
993 1605 1105 1639 non
1131 1587 1344 1655 quidem
1380 1587 1559 1655 palam
1597 1586 1848 1655 dicerent,
1873 1603 1915 1635 20

238 1657 330 1710 sed
384 1675 480 1726 per
536 1657 892 1725 suspicionem
943 1660 997 1709 et
1050 1657 1275 1726 figuras3
1334 1657 1474 1725 quod
1523 1657 1846 1710 PASSIENVS

235 1746 347 1780 non
386 1727 650 1796 probabat
699 1727 947 1779 adserens
994 1728 1170 1780 minus
1208 1728 1590 1780 uerecundum
1607 1745 1718 1779 esse
1757 1730 1850 1779 aut

234 1798 515 1851 tolerabile
563 1797 825 1851 infamare
875 1816 1164 1851 nouercam
1203 1816 1363 1866 quam
1411 1815 1673 1851 accusare.
1737 1797 1850 1866 qui-

234 1869 353 1920 dam
402 1869 668 1937 principia
714 1872 926 1921 tantum
975 1869 1280 1921 habuerunt
1327 1869 1384 1921 in
1423 1888 1517 1922 sua
1567 1871 1847 1937 potestate,

231 1942 358 2008 post
403 1939 567 1991 ablati
616 1943 741 1992 sunt
794 1940 1014 2008 impetU.
1091 1940 1390 1992 excusatius
1441 1943 1521 1992 est
1567 1941 1745 1991 autem
1790 1938 1848 1990 in
1870 1953 1913 1985 25

231 2010 432 2062 malum
472 2009 705 2062 colorem
755 2009 989 2062 incidere
1029 2028 1189 2078 quarn
1226 2010 1473 2064 transire.
1547 2009 1846 2061 HISPANVS

232 2080 364 2133 duro
403 2081 582 2133 colore
621 2098 771 2149 usuS,
823 2080 926 2133 1106
964 2099 1018 2132 86
1056 2084 1330 2149 tamquam
1368 2080 1585 2160 grauius
1624 2078 1845 2148 elegisse

232 2151 367 2203 dixit
415 2150 662 2219 supplicii
714 2168 909 2231 genus:
950 2151 1041 2219 qui
1079 2151 1227 2203 color
1279 2149 1628 2218 prudentibus
1667 2148 1846 2216 displi-

231 2221 411 2289 cebat,
463 2239 623 2289 quam
661 2222 805 2273 enim
843 2239 991 2289 spem
1029 2221 1190 2272 habet
1239 2219 1615 2288 absolutionis,
1666 2219 1710 2270 si
1747 2236 1846 2270 nec

228 2291 410 2359 paruit
445 2309 544 2343 nec
579 2291 859 2359 pepercit?
1867 2306 1909 2337 30

341 2520 369 2558 4
399 2519 677 2573 puniendem
708 2519 752 2556 M
793 2516 807 2570 ΙΙ
851 2519 875 2557 5
907 2517 1093 2557 Luculli
1123 2521 1336 2568 expunxit
1375 2519 1447 2557 Mb
1478 2516 1493 2570 ΙΙ
1532 2517 1840 2558 Mithridatem

227 2576 273 2612 M
295 2572 310 2627 ΙΙ
349 2576 400 2614 14
427 2575 512 2623 fuit
541 2578 754 2628 paratam
785 2577 828 2614 in
858 2575 902 2612 M
932 2576 1011 2613 sed
1041 2587 1152 2616 corr.
1177 2573 1192 2626 ΙΙ
1229 2574 1486 2628 patrodium
1517 2576 1592 2612 Ma
1631 2572 1647 2626 ss
1678 2575 1729 2614 18
1760 2574 1842 2614 bo-

227 2643 386 2670 norum
418 2633 484 2680 M,
515 2644 631 2673 cor-,r
667 2631 795 2672 Gron.
822 2629 837 2683 ΙΙ
860 2633 909 2670 21
951 2643 1031 2682 pez
1062 2645 1138 2672 mm
1170 2633 1244 2670 Ma
1265 2629 1280 2683 ΙΙ
1317 2633 1370 2671 27
1401 2634 1472 2671 set
1502 2632 1575 2669 Ma
1606 2630 1683 2671 sed
1714 2630 1787 2668 Mb
1825 2627 1838 2681 Η

228 2686 418 2739 eligisse
451 2689 523 2726 Ma
