1942 3034
113 260 406 315 ‘Morietur
458 264 746 329 antequam
790 259 1019 314 nubat’:
1064 258 1268 312 factum
1314 261 1410 311 est.
1484 257 1734 312 Vidimus

116 331 287 385 fluens
334 349 529 401 corpus
577 335 631 384 et
675 335 733 384 in
776 329 1033 384 cadauere
1077 329 1223 383 illius
1269 331 1514 382 materna
1568 330 1734 383 uerba

20 410 25 418 ’
112 402 447 455 credidimus.
497 400 769 455 Generum
806 399 1068 454 adulterio
1093 398 1316 469 perdidi,
1353 416 1576 453 uxorem
1612 418 1734 468 par-

111 471 318 540 ricidio,
356 472 525 525 filiam
559 471 837 524 ueneficio,

70 554 93 587 ⁵
247 541 380 595 Pars
427 542 610 595 altera.
684 539 808 593 Duo
865 540 1185 610 grauissima
1237 540 1462 594 crimina
1517 539 1729 607 obiecit,

113 611 435 664 adulterium
481 615 535 664 et
580 611 926 664 ueneficium:
977 610 1299 664 adulterium
1346 610 1544 664 ancilla
1577 613 1730 678 teste,

112 681 432 735 ueneficium
469 699 539 734 ne
576 681 773 734 ancilla
809 680 1040 750 quidem.
1090 679 1229 735 Cum
1263 681 1639 752 indignaretur
1675 698 1731 734 se

110 769 226 805 non
259 756 523 823 rogatam,
561 751 874 805 exciderunt
910 752 991 804 illi
1028 751 1194 804 uerba
1267 770 1367 805 uae
1403 769 1518 805 non
1553 755 1732 804 minus

111 840 273 891 quam
308 822 474 891 <ille>
509 821 676 876 filiam
712 822 877 892 luget.
927 824 1005 875 At
1041 840 1205 891 quare
1281 827 1292 837 ”
1338 823 1449 875 sti:
1489 821 1732 875 ‘celerius

45 907 87 939 ιο
110 893 371 946 morietur
425 911 587 962 quam
641 892 721 945 illi
775 892 1005 945 nubat’?
1079 891 1263 945 Verba
1310 891 1485 963 dolori
1540 910 1733 960 parum

109 962 447 1085 ⁴{onsiderata
500 963 827 1016 exciderunt.
903 965 958 1015 et
1004 966 1085 1015 est
1140 963 1448 1031 saepissime
1503 961 1731 1015 fortuita

150 1033 387 1086 'uinatiO.

0 0 93 408 ἴ
113 149 157 192 p.
175 138 263 180 408
280 137 335 179 Β.
501 133 827 179 ΕΧΟΕΒΡΤΑ
856 133 1158 179 CONTROV.
1189 135 1311 179 LIB.
1331 134 1411 177 VI.
1626 131 1734 186 289

444 1269 1152 1339 <CONTROVERSIA
1198 1270 1380 1337 VII.)

347 1385 600 1428 DEMI-:NS
632 1386 739 1439 QVI
767 1385 937 1427 mmo
968 1384 1179 1428 cassu*
1207 1385 1483 1428 VXOREM.

43 1517 86 1553 ω
108 1494 425 1549 Dementiae
463 1496 535 1548 sit
570 1496 728 1549 actio,
794 1494 898 1558 Qm·
935 1494 1168 1549 habebat
1213 1494 1346 1548 duos
1396 1496 1536 1549 filios
1574 1495 1727 1550 duxit

248 1584 484 1619 uxorem.
535 1566 671 1619 alter
696 1584 760 1618 ex
797 1566 1226 1619 adolescentibus
1264 1584 1387 1619 cum
1423 1570 1729 1638 aegrotaret

247 1641 301 1690 et
348 1637 405 1689 in
444 1636 647 1689 ultimis
695 1641 857 1705 esset,
910 1637 1102 1689 medici
1151 1636 1400 1689 dixerunt
1446 1637 1613 1690 animi
1650 1638 1729 1691 ui-

244 1706 381 1759 tium
419 1724 549 1760 esse.
611 1708 835 1760 intrauit
871 1706 940 1759 ad
976 1707 1146 1760 filium
1194 1710 1379 1760 stricto
1418 1707 1597 1778 gladio
1636 1727 1728 1777 pa-

245 1781 343 1845 ter,
381 1777 598 1848 rogauit
633 1780 695 1830 ut
731 1777 992 1830 indicaret
1030 1778 1132 1830 sibi
1159 1795 1391 1831 causam.
1441 1779 1519 1831 ait
1555 1779 1729 1832 amari

16 1869 85 1903 ,ω
246 1865 279 1899 a
315 1865 371 1900 se
408 1865 711 1901 nouercam.
773 1848 934 1902 cessit
971 1848 1051 1900 illi
1088 1866 1254 1902 uxore
1293 1867 1389 1902 sua
1424 1852 1594 1918 pater.
1659 1850 1726 1902 ab

246 1916 417 1971 altero
457 1922 738 1971 accusatur
775 1918 1087 1971 dementiae.

211 2014 410 2068 Audite
447 2033 560 2069 rem
598 2034 822 2069 nouam:
862 2016 1083 2069 fratrem
1111 2017 1394 2086 crudelem,
1433 2034 1727 2071 nouercam

104 2084 517 2139 misericordem.
573 2085 802 2139 Insanus
839 2105 974 2156 sum,
1017 2086 1143 2156 quia
1179 2087 1371 2157 aliquis
1408 2105 1528 2141 meo
1567 2088 1727 2140 bene-

20 2200 23 2211 .
106 2154 228 2208 ficio
266 2174 428 2210 sanus
466 2160 563 2210 est.
613 2156 831 2210 Tradidi
870 2157 947 2210 illi
989 2175 1236 2227 uxorem3
1278 2158 1370 2211 sed
1408 2158 1724 2227 eripueram.

40 2246 85 2281 a
107 2223 316 2280 ‘Testor
378 2226 583 2296 inquid,
622 2227 890 2296 praesides
928 2228 1142 2297 pietatis
1180 2228 1324 2298 deOS,
1362 2246 1541 2282 amare
1578 2232 1726 2283 ante·

106 2312 267 2417 ?u⁸m
340 2314 520 2351 aceres
557 2303 745 2368 coepi’.
820 2297 906 2352 Ita
950 2302 1011 2351 tu
1068 2298 1320 2352 iniuriam
1374 2317 1535 2352 uocas
1583 2299 1727 2369 quod

132 2369 327 2418 ratrem
362 2366 544 2436 habes,
582 2386 694 2422 non
731 2368 897 2423 habes
934 2371 1277 2437 nouerfficam‘?
1324 2369 1538 2422 Transii
1575 2388 1726 2439 prae-

106 2439 189 2488 ter
235 2435 387 2489 istius
443 2437 626 2492 oculos
671 2456 792 2492 cum
848 2438 1019 2508 ferr03
1079 2439 1319 2511 gladium
1374 2439 1509 2493 mihi
1565 2458 1724 2494 nemo

108 2506 211 2584 nisi
259 2522 418 2577 aeger
465 2508 703 2562 extorsit.
778 2507 926 2563 Patri
974 2510 1066 2579 qui
1119 2510 1420 2579 periculum
1467 2510 1567 2564 filii
1613 2530 1725 2564 mo-

41 2576 293 2632 „nentis
343 2578 604 2631 sustinere
641 2596 752 2632 non
789 2579 994 2649 potuit,
1033 2580 1423 2651 ignoscendum
1461 2581 1518 2634 in
1556 2581 1725 2651 quali-

106 2662 334 2716 cumque
373 2647 518 2701 facto
557 2652 651 2701 est.

211 2716 340 2771 Pars
388 2718 569 2771 altera.
646 2718 799 2772 Alter
844 2719 1111 2775 lenocinio
1150 2722 1385 2792 curauit,
1432 2722 1567 2775 alter
1603 2740 1725 2792 par·

216 2874 241 2915 7
274 2886 358 2916 nec
388 2877 462 2916 11³
483 2876 499 2929 ΙΙ
520 2877 547 2918 8
578 2883 789 2930 rognum
820 2877 894 2917 1⁸
913 2874 930 2929 Π
951 2878 977 2919 9
999 2876 1079 2919 ille
1110 2880 1262 2922 addidi
1280 2878 1296 2931 ΙΙ
1319 2881 1373 2921 32
1405 2880 1468 2921 bic
1496 2878 1645 2920 Aliter
1675 2878 1723 2918 1

189 2949 341 2985 lm
365 2953 506 2986 rhetor.
1329 2950 1380 2990 19
