1942 3034
159 74 299 169 pies
315 114 367 155 Β.
483 110 1090 155 CONTROVERSIARVM
1118 110 1238 153 LIB.
1260 110 1322 156 11.
1353 111 1380 152 6
1400 109 1507 164 (14).
1681 108 1787 161 219

161 238 275 291 filio
321 236 534 306 possit?
605 235 710 289 Hic
757 236 1017 289 uitiorum
1054 234 1413 304 exprobratio.
1491 233 1578 288 Sic
1616 235 1785 288 ebrie-

162 314 329 362 tatem
378 308 520 377 patri
570 306 739 360 obicis
789 307 991 374 ebrius,
1038 307 1114 358 sic
1150 305 1505 374 petulantiam
1553 305 1783 359 iniuriae

164 379 462 433 damnatus
535 377 765 430 Etiamsi
803 378 872 430 ob
909 376 1015 430 hoc
1051 376 1289 429 accusari
1325 378 1529 444 potest,
1569 376 1784 428 etiamsi

164 470 195 503 a
230 450 327 503 tali
374 449 512 516 filio,
560 467 631 500 an
669 449 714 499 si
750 449 819 500 ad
866 448 1239 517 castigandum
1285 446 1458 498 filium
1503 445 1608 499 hoc
1657 464 1782 499 con-

119 542 141 574 5
164 521 285 573 silio
324 537 451 571 usus
489 523 586 586 est,
625 518 959 570 damnandus
997 520 1082 570 sit.
1133 517 1231 570 Ait
1266 517 1411 569 enim
1446 516 1781 570 adulescens:

164 590 407 659 quolibet
452 589 559 642 alio
597 605 795 658 genere
832 588 1063 641 debuisti
1100 607 1185 640 me
1225 588 1525 658 obiurgare.
1593 586 1734 649 Quid
1770 586 1785 658 ΙΙ

164 662 209 713 si
246 659 571 713 adulterium
607 659 774 711 uelles
812 659 1087 711 uindicare
1125 657 1553 711 committendo?
1622 661 1782 727 turpe

164 737 245 784 est
280 731 356 783 sic
394 730 656 799 castigare
694 730 845 798 uitia,
884 734 945 782 ut
982 730 1223 782 imiteris,
1302 728 1511 791 Deinde
1549 747 1620 782 an
1659 747 1784 782 con-

163 802 284 855 silio
310 801 626 853 luxurietur.
677 819 791 853 non
829 801 972 852 enim
999 799 1247 852 concedit
1283 799 1387 852 hoc
1414 799 1590 852 filius:
1630 799 1781 852 ‘alio-‘

100 896 142 926 10
167 874 298 942 qui'‚
337 872 531 940 inquit,
572 875 772 940 ‘quare,
811 872 856 922 si
894 871 1119 938 coepisti
1157 871 1234 924 sic
1272 871 1554 923 emendare
1592 869 1784 939 filium,

167 962 287 996 cum
326 941 721 1010 emendaueras,
751 959 873 999 *non
911 940 1172 993 desinis'?

305 1027 553 1080 CESTIVS
577 1028 695 1106 ·<a>
780 1030 893 1078 arte
939 1025 1107 1094 patris
1155 1024 1333 1077 aiebat
1383 1025 1784 1078 simulationem
1813 1032 1843 1079 6
1920 1066 1940 1073 -ff

165 1098 407 1150 luxuriae
446 1097 731 1167 significan
770 1115 857 1148 am
882 1096 1054 1166 magis
1082 1114 1244 1164 quam
1268 1095 1644 1164 profitendam.
1681 1095 1782 1164 Ita,

163 1169 365 1238 inquit,
413 1167 695 1237 apparebit
739 1167 894 1219 illum
941 1166 1247 1232 simulasse,
1286 1166 1333 1218 si
1370 1167 1679 1220 etiamnunc
1717 1167 1785 1219 si-

97 1258 136 1290 1.·›
164 1239 356 1306 mulat3
405 1238 449 1291 si
487 1238 686 1291 desinit
724 1238 1000 1305 simulare,
1050 1237 1311 1306 ostendit7
1359 1238 1467 1289 iam
1505 1238 1608 1290 sibi
1644 1237 1786 1291 nihil

162 1329 298 1379 opus
344 1327 457 1361 esse
505 1327 569 1362 eo
622 1308 875 1376 consilio,
924 1308 1077 1376 quasi
1126 1308 1268 1359 filius
1317 1307 1631 1361 emendatus
1687 1308 1781 1378 sit3

163 1380 504 1433 emendatum
558 1383 738 1431 autem
794 1397 907 1431 esse
960 1397 1073 1431 non
1130 1378 1395 1431 concessit
1449 1382 1504 1430 et
1564 1370 1782 1432 a*dsidue

163 1451 298 1503 dixit
334 1450 472 1503 nihil
510 1450 683 1530 magis
722 1468 777 1502 se
815 1468 976 1518 quam
1014 1449 1362 1502 interuallum
1397 1448 1501 1502 hoc
1538 1449 1782 1503 luxuriae

161 1522 376 1588 timere3
404 1522 711 1573 intermissa
735 1521 871 1573 uitia
895 1520 1268 1572 uehementius
1294 1536 1528 1588 surgere.
1581 1519 1780 1574 LATRO

95 1611 138 1643 20
162 1597 344 1661 aperte
392 1591 619 1660 putabat
666 1591 1064 1643 simulationem
1103 1590 1479 1643 confitendam.
1553 1590 1780 1660 Incipi0‚

159 1663 360 1731 inquit,
412 1680 523 1715 non
570 1665 785 1714 tantum
832 1662 1120 1714 honestum
1177 1679 1360 1713 senem
1412 1661 1504 1713 sed
1553 1662 1783 1730 pruden-

159 1739 269 1786 tem
307 1732 606 1799 defendere,
646 1733 690 1784 si
730 1732 874 1801 quod
911 1732 1106 1785 uitium
1145 1731 1316 1784 uideri
1353 1736 1568 1801 poterat
1605 1733 1780 1786 efficio

163 1803 463 1857 consilium.
519 1802 693 1865 Quare
732 1803 912 1871 potius
950 1803 1218 1873 significet
1256 1821 1415 1871 quam
1456 1803 1599 1856 dicat
1636 1803 1783 1874 frugi

276 2049 294 2086 1
331 2046 545 2086 altiorum
578 2046 604 2084 0
637 2044 860 2085 ultionum
892 2047 924 2084 T
946 2044 962 2097 ΙΙ
992 2045 1030 2085 si
1062 2045 1107 2094 0,
1140 2045 1207 2086 sie
1241 2045 1398 2086 Seleun.
1422 2042 1439 2098 ΙΙ
1470 2046 1494 2086 2
1526 2046 1651 2098 patri
1682 2047 1783 2088 obi-

161 2103 226 2144 cis
268 2103 324 2144 ob
367 2103 524 2144 ebrius
555 2102 582 2141 0
628 2103 756 2167 psit-rj-
791 2103 973 2142 obicere
1008 2101 1124 2142 solet
1166 2101 1320 2143 ebrius
1351 2104 1384 2142 T
1434 2101 1451 2154 ΙΙ
1501 2102 1541 2142 si
1572 2102 1624 2154 0,
1665 2115 1782 2144 corr.

160 2173 320 2213 Schult.
351 2170 368 2224 ΙΙ
408 2170 578 2213 iniuria
611 2173 638 2212 C
677 2173 847 2214 iniuria.
879 2175 964 2221 Ta,
997 2172 1266 2212 iniuriarum
1287 2174 1307 2213 Ῥ
1331 2169 1347 2224 ΙΙ
1403 2170 1419 2226 ΙΙ
1459 2175 1486 2215 4
1517 2173 1556 2214 si
1589 2185 1616 2213 a
1646 2173 1674 2213 C
1709 2170 1725 2227 ΙΙ
1757 2174 1784 2214 5

161 2228 449 2270 damnandas
496 2230 524 2269 Ο
574 2228 591 2280 ss
643 2232 665 2271 7
716 2228 861 2272 uellet
906 2229 960 2279 0,
1006 2228 1120 2269 corr.
1163 2228 1290 2269 Burs.
1333 2228 1350 2282 ΙΙ
1401 2229 1701 2281 ommittendo
1745 2230 1784 2270 Δ

162 2284 468 2326 commitendo
498 2286 532 2326 Β
567 2286 583 2339 ΙΙ
620 2292 796 2340 turpem
832 2290 904 2325 est
937 2286 976 2325 si
1008 2286 1035 2325 c
1077 2284 1092 2338 ΙΙ
1134 2287 1160 2327 8
1190 2286 1306 2326 uitia
1341 2284 1540 2327 mitteris
1570 2287 1607 2326 A
1647 2283 1663 2339 ΙΙ
1700 2283 1780 2339 an]

163 2354 190 2380 a
228 2340 262 2380 B
314 2340 333 2394 Ι
386 2343 413 2382 9
458 2341 718 2384 luxuriatur
756 2346 788 2383 T
838 2340 854 2395 ΙΙ
904 2344 926 2368 *
956 2342 1123 2395 aliquit
1161 2343 1189 2382 C
1245 2347 1326 2383 aut
1364 2345 1419 2392 Τ,
1473 2344 1650 2395 alioqui
1688 2355 1783 2396 eyo,

171 2397 245 2437 W.
280 2397 439 2438 Mamer
477 2396 494 2450 Η
539 2402 589 2440 10
620 2412 715 2452 q3re
747 2400 855 2440 BTa
883 2397 899 2452 ΙΙ
937 2399 975 2439 si
1007 2401 1034 2440 0
1070 2397 1086 2452 ΙΙ
1125 2398 1455 2440 emendauerat
1486 2401 1513 2440 c
1549 2397 1565 2452 ΙΙ
1608 2401 1659 2440 11
1691 2411 1782 2440 nou

161 2468 239 2492 om.
270 2454 334 2494 Tu.
371 2452 389 2506 Ι
431 2455 481 2495 12
513 2453 696 2496 Cestius
734 2462 868 2510 pater
898 2455 972 2495 BT
1013 2457 1200 2495 Cestius
1241 2461 1373 2508 pater
1411 2461 1546 2510 pater
1574 2456 1633 2504 A,
1665 2469 1782 2498 corr.

165 2509 292 2549 Bur-n.
321 2508 338 2560 Ι
383 2512 434 2550 13
464 2511 769 2564 significando
801 2513 832 2552 0
868 2510 885 2566 ΙΙ
926 2511 1228 2565 profitendum
1260 2514 1287 2553 c
1319 2512 1575 2566 profitendo
1606 2513 1639 2551 T
1670 2510 1686 2565 11
1730 2514 1783 2554 14

162 2565 354 2607 simulas
384 2567 412 2606 0
443 2565 459 2618 fl
500 2569 564 2607 15.
590 2570 643 2609 16
674 2568 786 2609 nihil
819 2582 951 2622 posse
986 2569 1222 2622 (prodesse
1255 2570 1334 2618 Tb)
1367 2583 1422 2610 ex
1454 2566 1535 2624 (ea
1567 2570 1639 2619 1¹1)
1675 2582 1781 2610 con-

162 2622 267 2662 silio
300 2622 355 2670 0,
388 2622 652 2668 corallum.
695 2623 712 2676 ΙΙ
756 2627 807 2666 16
844 2626 978 2667 uerba
1023 2638 1158 2678 posse
1285 2626 1401 2667 nihil
1447 2626 1476 2667 l.
1512 2627 1563 2667 18
1594 2627 1658 2666 bis
1695 2639 1781 2666 ser.

163 2678 193 2717 0
243 2678 259 2731 ss
315 2681 362 2720 17
414 2692 515 2720 eune
564 2687 717 2722 autom
748 2683 806 2722 'n
839 2680 856 2734 ΙΙ
900 2683 950 2723 18
996 2683 1128 2734 soqui
1175 2682 1472 2723 interuallum
1518 2682 1605 2723 hoc
1651 2682 1781 2722 luxu-

162 2736 372 2776 riaetimn
414 2749 489 2777 ere
531 2737 726 2787 (—uc=re
757 2738 789 2777 Τ
828 2738 979 2778 —erei
1010 2738 1071 2785 B>
1112 2738 1166 2788 0,
1207 2753 1322 2780 cot-r.
1365 2741 1417 2780 N.
1452 2739 1628 2792 Masinis)
1668 2737 1674 2790 Ι
1727 2739 1779 2779 19

160 2793 263 2832 uita
294 2793 322 2832 0
362 2792 378 2844 ΙΙ
419 2805 615 2845 mingere
649 2796 698 2836 C,
732 2805 972 2848 resurgere
1014 2794 1085 2838 W.
1121 2795 1280 2836 Miiller
1320 2794 1335 2847 ΙΙ
1372 2798 1427 2837 ‘20
1459 2801 1588 2849 perte
1621 2796 1648 2835 C
1687 2794 1693 2846 Ι
1725 2797 1779 2836 22

160 2848 343 2889 scilicet
375 2852 493 2901 qnod
530 2849 655 2892 nuru,
680 2848 695 2901 fl
719 2849 874 2890 nidere
906 2850 1015 2889 Aa
