1942 3034
235 126 342 179 290
756 124 989 166 ANNAEI
1019 123 1298 167 SENECAE
1651 139 1694 179 p.
1707 127 1789 168 409
1805 126 1859 167 B.

239 249 427 303 ricidio
467 249 757 302 conualuit.
834 246 1012 310 Quid?
1049 248 1154 302 hoc
1191 249 1511 302 adulterium
1548 267 1662 302 non
1697 252 1856 317 putas

240 320 385 389 quod
420 319 615 373 marito
655 318 976 372 conciliante
1015 318 1409 372 committitur?
1457 319 1653 372 Nescio
1692 319 1858 372 furio-

240 392 349 444 sius
386 408 608 443 uxorem
657 389 893 458 duxerit,
941 407 1012 442 an
1047 389 1319 459 habuerit,
1359 407 1429 442 an
1467 389 1750 458 dimiserit,
1789 407 1859 442 an

241 461 554 514 conlocarit.
632 458 804 521 Quam
852 459 1067 513 demens
1116 463 1196 513 est
1245 460 1332 513 cui
1389 459 1709 513 adulterium
1762 477 1859 528 pro

239 531 499 584 beneficio
538 531 862 598 imputatum
900 531 1004 583 est!
1078 529 1309 584 Strinxit
1344 529 1582 600 gladium
1618 531 1859 596 marituS,
1882 542 1904 575 5

240 620 352 655 11011
390 605 452 654 ut
487 600 788 653 uindicaret
825 600 1172 670 adulterium,
1210 601 1302 653 sed
1339 604 1400 653 ut
1436 600 1655 656 faceret.
1717 599 1861 653 Meri

240 675 422 741 potius
448 671 633 724 debuit
655 671 823 723 frater
848 688 1008 739 quam
1043 671 1222 724 sanari
1255 671 1499 740 turpiter.
1550 670 1680 739 quid
1718 670 1861 723 enim

242 743 286 795 si
324 745 566 810 matrem,
605 741 651 793 si
688 758 926 795 sororem
964 741 1339 810 concupisset?
1387 739 1657 802 Quaedam
1695 753 1861 792 reme-

243 813 330 865 dia
366 813 616 882 grauiora
663 812 794 880 ipsis
839 811 1091 880 periculis
1127 815 1269 864 sunt.
1346 810 1542 864 Omnia
1577 811 1719 863 inter
1755 810 1861 878 pri-

241 883 468 953 uignum
506 886 560 935 et
594 899 884 935 nouercam
919 883 1226 951 conposita,
1267 882 1575 934 simulatum
1612 880 1860 934 morbum
1884 895 1925 926 10

244 957 298 1006 et
334 953 567 1006 derisum
604 953 770 1005 mimo
807 952 1118 1021 turpissimo
1155 956 1379 1021 patrem.

571 1159 1274 1229 <CONTROVERSIA
1319 1161 1538 1229 vm>

620 1274 853 1318 VERSVS
883 1274 1153 1317 VIRGINIS
1185 1275 1495 1318 VESTALIS.

249 1386 421 1457 Virgo
461 1384 696 1439 Vestalis
734 1385 946 1454 scripsit
982 1385 1127 1437 hunc
1165 1402 1407 1438 uersum:

412 1483 619 1538 Felices
655 1484 882 1552 nuptae!
921 1483 1121 1536 moriar
1156 1483 1262 1535 nisi
1299 1483 1502 1536 nubere
1541 1483 1692 1536 dulce
1730 1486 1826 1536 est.
1890 1496 1942 1560 15·-

250 1601 340 1636 rea
379 1588 459 1636 est
495 1583 701 1636 incesti.

359 1680 591 1734 ‘Felices
627 1683 857 1749 nuptae'
899 1680 1163 1748 cupientis
1202 1683 1303 1748 est3
1345 1687 1579 1748 ‘peream
1617 1680 1741 1732 nisi’
1781 1679 1868 1731 ad·
1927 1725 1942 1731 ..

250 1752 517 1806 firmantis
555 1755 662 1820 est3
710 1751 938 1804 ‘nubere
977 1750 1129 1803 dulce
1168 1753 1302 1803 est’:
1342 1753 1435 1802 aut
1472 1753 1690 1819 experta
1724 1750 1867 1802 iuras

252 1826 346 1876 aut
382 1823 661 1890 inexperta
696 1821 930 1890 peieras3
967 1824 1218 1874 neutrum
1256 1819 1544 1874 sacerdotis
1583 1823 1679 1873 est.
1744 1819 1866 1872 Tibi
1936 1818 1942 1828 '

249 1893 595 1963 magistratus
651 1910 775 1945 suos
834 1890 1006 1945 fasces
1062 1891 1410 1960 submittunt,
1465 1890 1565 1943 tibi
1622 1889 1867 1944 consules
1890 1905 1908 1936 2

250 1967 632 2033 praetoresque
682 1962 772 2014 uia
819 1962 1040 2030 cedunt,
1088 1961 1350 2030 numquid
1401 1960 1593 2031 exigua
1628 1960 1867 2013 mercede

252 2034 410 2103 uirgo
450 2032 546 2086 es‘?
586 2031 843 2086 Sacerdos
880 2050 1001 2085 raro
1039 2032 1179 2084 iuret
1214 2049 1314 2084 nec
1338 2049 1592 2099 umquam
1629 2031 1735 2083 nisi
1771 2047 1867 2098 per
1922 2059 1924 2062 ·

252 2122 403 2156 suam
452 2102 688 2156 Vestam.
764 2102 1035 2155 ‘Moriar'z
1083 2101 1345 2170 numquid
1389 2103 1678 2169 perpetuus
1725 2100 1868 2170 ignis
1918 2135 1920 2139 -

252 2175 520 2226 extinctus
558 2173 678 2226 est?
741 2172 1009 2225 ‘Moriar'z
1048 2170 1310 2240 numquid
1347 2170 1411 2223 de
1447 2170 1651 2239 nuptiis
1688 2170 1868 2239 appel-

249 2244 360 2296 lata
396 2243 495 2296 es‘?
550 2242 700 2312 <Το>
737 2242 804 2295 ad
840 2242 1112 2310 ultimum,
1151 2241 1341 2306 Vesta,
1392 2241 1613 2310 inuoco,
1661 2243 1722 2293 ut
1757 2244 1869 2293 tam

252 2313 451 2367 infesta
497 2312 568 2365 sis
614 2313 632 2381 ΙΙ
678 2311 940 2365 sacerdoti
978 2330 1137 2380 quam
1179 2311 1354 2363 inuisa
1392 2329 1462 2364 es.
1536 2309 1723 2364 Recita
1762 2328 1869 2364 car·
1912 2352 1915 2353 γ

252 2400 394 2452 111011,
434 2383 560 2436 dum
597 2400 796 2451 quaero
835 2382 992 2451 quale
1031 2382 1115 2435 sit.
1175 2381 1255 2434 Tu
1295 2398 1510 2436 carmen
1548 2382 1747 2435 scribas
1757 2422 1771 2450 ,
1809 2384 1869 2434 tu
1914 2411 1937 2450 g

251 2453 420 2507 uerba
472 2451 697 2522 pedibus
742 2452 850 2504 tuis
897 2452 1137 2505 emollias
1181 2456 1235 2505 et
1280 2452 1620 2505 seueritatem
1665 2451 1868 2519 templo
1905 2459 1942 2501 '2

254 2524 489 2577 debitam
534 2522 900 2576 modulatione
948 2522 1207 2593 frangas?
1271 2521 1472 2585 Quodsi
1517 2522 1703 2590 utique
1758 2521 1868 2574 lau·
1903 2523 1942 2573 ‘i

255 2595 379 2647 dare
419 2594 500 2647 uis
537 2593 754 2662 nuptias
764 2634 779 2662 ,
830 2610 990 2645 narra
1027 2592 1356 2661 Lucretiam,
1405 2593 1469 2645 de
1514 2592 1659 2645 illius
1696 2594 1866 2645 morte

391 2752 416 2791 2
454 2750 657 2792 furiosus
686 2751 731 2789 M
761 2748 777 2803 ΙΙ
818 2750 846 2790 4
878 2749 1117 2791 collocarit
1146 2750 1218 2789 Hb
1259 2747 1275 2802 ΙΙ
1300 2751 1348 2789 11
1391 2748 1589 2790 derisum
1626 2748 1776 2789 animo
1805 2749 1865 2794 Π,
1903 2676 1924 2795 Ξ

254 2819 370 2849 corr.
406 2806 536 2848 Gron.
559 2804 575 2859 ΙΙ
612 2807 664 2849 13
694 2804 892 2847 VERVS
923 2807 968 2845 Μ
996 2804 1012 2858 11
1049 2807 1102 2847 15
1131 2806 1321 2859 nuptiae
1351 2807 1397 2844 Μ
1424 2803 1440 2858 11
1478 2806 1530 2845 17
1559 2805 1752 2858 nuptiae
1779 2804 1826 2843 Μ
1853 2799 1868 2854 Η
1904 2798 1922 2841 7*

253 2863 307 2904 25
340 2864 439 2905 est?
471 2862 531 2904 ad
559 2861 619 2915 Π,
650 2874 768 2908 corr.
799 2861 929 2906 Burs.
953 2860 971 2915 Η
991 2862 1179 2906 Vestam
1211 2863 1257 2900 Μ
1791 2873 1794 2874 ’
1907 2879 1942 2998 Ι

1906 2967 1914 2997 ἒ
