1942 3034
209 100 309 153 178
728 81 960 145 ANNAEI
990 102 1265 145 SENEcAE
1606 106 1742 158 p.13'1
1763 106 1817 150 Β.
1848 119 1862 122 -
1916 89 1922 170 j

206 206 345 278 lerit]
396 225 462 278 In
500 244 771 278 armorum
808 227 1005 280 iudicio
1045 227 1251 280 dixerat
1274 227 1502 281 LATRO:
1541 229 1816 281 mittamus

206 315 354 348 arma
389 296 447 348 in
484 296 654 349 hostis
693 299 746 349 et
781 301 1041 366 petamus,
1115 298 1280 352 NASO
1321 297 1479 350 dixit:

66 437 172 475 (met,
384 411 552 462 Arma
589 409 693 460 uiri
730 409 887 462 fortis
924 409 1128 462 medios
1166 411 1451 463 mittantur
1487 412 1546 463 in
1582 410 1780 479 hostis3

35 479 191 562 1513]
382 480 514 532 Inde
552 480 730 532 iubete
768 480 895 548 peti.

207 595 260 644 et
297 592 462 644 alium
500 610 564 643 ex
610 592 705 644 illa
742 593 982 645 suasoria
1027 611 1241 645 sensum
1288 611 1454 662 aeque
1501 612 1533 646 a
1582 593 1816 646 Latrone
1859 611 1881 644 5

204 665 479 715 mutuatus
518 665 612 715 est.
673 663 895 715 memini
920 662 1212 716 Latronem
1237 665 1295 716 in
1331 664 1666 732 praefatione
1693 683 1818 733 qua-

205 733 327 785 dam
365 733 553 802 dicere,
593 734 738 801 quod
776 734 1044 786 scolastici
1070 735 1223 803 quasi
1258 753 1472 787 carmen
1499 735 1818 787 didicerant:

203 821 317 856 non
371 802 520 855 uides
584 807 644 855 ut
698 804 923 857 immota
983 804 1076 856 fax
1139 808 1379 874 torpeat,
1436 808 1498 857 ut
1552 806 1821 874 exagitata

204 873 392 926 reddat
445 874 638 944 ignes?
699 875 877 926 mollit
930 875 1076 927 uiros
1125 876 1393 944 <otium>,
1450 876 1653 928 ferrum
1714 875 1819 927 situ

206 945 442 1012 carpitur
467 947 558 1012 <et
581 945 886 1014 rubiginem
912 945 1109 1014 ducit),
1150 945 1351 998 desidia
1377 946 1613 999 dedocet.
1652 945 1817 998 NASO
1843 965 1884 996 ιο
1932 1007 1936 1009 ‚

204 1015 363 1067 dixit:

36 1134 203 1175 [am.12‚
383 1113 512 1165 Vidi
550 1130 650 1183 ego
689 1114 911 1165 iactatas
938 1117 1086 1166 mota
1122 1114 1238 1166 face
1265 1132 1497 1166 crescere
1535 1115 1775 1167 flammas

49 1177 88 1207 ¹¹
113 1177 184 1215 η]
451 1183 525 1235 Et
560 1202 743 1235 rursus
779 1184 931 1236 nullo
971 1185 1311 1237 concutiente
1352 1185 1505 1238 mori.

145 1307 174 1353 9
203 1296 356 1348 Tunc
407 1299 587 1348 autem
634 1313 756 1347 cum
802 1296 1039 1348 studeret
1094 1297 1392 1349 habebatur
1437 1299 1611 1350 bonus
1651 1298 1819 1349 decla·
1935 1314 1942 1347 s

204 1369 396 1419 mator.
480 1366 621 1418 hanc
680 1369 820 1418 certe
883 1368 1305 1419 controuersiam
1372 1371 1496 1420 ante
1552 1368 1818 1420 Arellium
1843 1378 1884 1411 15
1928 1364 1942 1412 :5

203 1437 436 1490 Fuscum
486 1436 830 1506 declamauit,
880 1441 941 1490 ut
986 1438 1120 1490 mihi
1167 1438 1475 1507 uidebatur,
1533 1439 1695 1508 longe
1741 1439 1820 1490 in-
1930 1447 1931 1450 ’

203 1508 502 1578 gemosius,
551 1511 771 1576 excepto
813 1526 900 1576 ec,
953 1508 1097 1577 quod
1143 1509 1259 1561 sine
1308 1512 1452 1562 certo
1502 1509 1688 1562 ordine
1725 1527 1822 1578 per

202 1579 351 1631 locos
405 1578 739 1630 discurrerat.
822 1579 955 1630 haec
1008 1579 1103 1631 illo
1161 1579 1369 1631 dicente
1426 1583 1648 1648 excepta
1713 1597 1819 1631 me-

203 1650 362 1701 mini:
405 1648 665 1717 quidquid
711 1649 910 1701 laboris
948 1652 1029 1701 est
1065 1649 1123 1701 in
1160 1650 1263 1701 hoc
1302 1654 1405 1718 est,
1454 1653 1514 1702 ut
1551 1650 1706 1702 uxori
1742 1650 1820 1701 ui-

202 1739 323 1772 rum
361 1722 414 1772 et
449 1736 672 1771 uxorem
708 1719 827 1772 uiro
867 1719 1088 1789 diligere
1137 1720 1412 1773 concedas,
1487 1738 1700 1773 necesse
1741 1723 1819 1772 est
1841 1731 1884 1763 20

203 1790 393 1842 deinde
432 1790 607 1842 iurare
646 1791 941 1859 permittaS,
982 1791 1026 1842 si
1065 1809 1242 1842 amare
1279 1791 1600 1859 permiseris.
1665 1789 1820 1852 Quod

202 1861 453 1913 habuisse
491 1878 591 1912 nos
639 1861 1009 1913 iusiurandum
1047 1861 1244 1929 putas?
1305 1865 1365 1913 tu
1402 1862 1559 1914 nobis
1607 1861 1821 1931 religio-

202 1950 319 1984 sum
357 1949 557 1984 nomen
603 1930 780 2000 fuisti3
835 1932 880 1984 si
916 1932 1289 1999 mentiremur,
1343 1932 1438 1984 illa
1474 1930 1575 1984 sibi
1624 1933 1820 1984 iratum

201 2005 411 2071 patrem
447 2002 751 2070 inuocauit,
803 2019 903 2072 ego
942 2020 1202 2055 socerum.
1277 2002 1443 2055 Parce
1490 2006 1667 2071 pater:
1706 2020 1819 2054 non

200 2073 575 2141 peierauimus.
650 2072 789 2125 Ecce
839 2073 1153 2142 obiurgator
1197 2074 1370 2125 nostri
1417 2092 1578 2142 quam
1616 2074 1632 2143 ΙΙ
1671 2073 1818 2125 effre-
1841 2080 1883 2114 25

325 2232 346 2269 1
388 2242 660 2271 marmorum
700 2233 732 2270 T
773 2229 788 2283 ΙΙ
829 2234 1056 2270 mutamus
1094 2231 1128 2269 B
1169 2228 1185 2283 ΙΙ
1226 2233 1251 2271 3
1289 2230 1499 2270 mittatur
1529 2230 1563 2268 B
1603 2228 1618 2282 ΙΙ
1659 2230 1818 2270 hostes

202 2289 234 2326 T
276 2284 292 2339 ΙΙ
332 2287 360 2325 4
390 2287 518 2327 iubet
546 2286 653 2326 BTa
674 2285 689 2339 ΙΙ
731 2288 756 2327 5
788 2299 873 2326 sua
902 2287 1072 2328 schena
1113 2299 1296 2327 sensum
1325 2287 1357 2325 T
1397 2299 1537 2327 suasa
1576 2298 1739 2327 sensus
1767 2287 1817 2337 B,

199 2356 313 2386 corr.
345 2344 405 2382 Tb
445 2339 461 2394 ΙΙ
504 2345 589 2395 quc}
619 2344 681 2382 Tb
713 2354 800 2394 que
833 2345 896 2382 Ta
937 2347 984 2383 et
1016 2355 1103 2396 que
1133 2344 1189 2394 B,
1222 2356 1335 2384 corr.
1368 2343 1519 2383 Haase
1561 2340 1577 2395 ΙΙ
1618 2344 1643 2382 6
1674 2344 1819 2382 muta-

199 2403 276 2439 tus
305 2398 413 2438 BTa
453 2396 469 2451 ΙΙ
504 2399 739 2451 praefacio
769 2400 803 2438 B
843 2396 859 2451 ΙΙ
890 2400 916 2439 8
955 2400 1112 2439 immot
1142 2399 1176 2437 B
1217 2397 1232 2452 ΙΙ
1263 2403 1309 2439 et
1341 2400 1471 2451 ignes
1502 2411 1570 2440 ex,
1601 2399 1819 2439 restituat

199 2456 235 2495 Ε
265 2453 280 2508 ΙΙ
317 2457 342 2496 9
381 2455 501 2495 uires
532 2456 552 2495 ⁴?
594 2453 610 2508 ΙΙ
651 2457 794 2496 otium
825 2468 902 2496 om.
933 2456 1038 2495 BTa.
1077 2453 1092 2508 ΙΙ
1131 2457 1183 2496 10
1214 2460 1261 2496 et
1292 2455 1550 2509 rubiginem
1582 2455 1709 2495 ducit
1739 2467 1817 2495 om.
1914 2455 1939 2495 ζὶ·

200 2512 252 2562 0,
304 2511 475 2551 ferrum
528 2511 617 2551 situ
671 2512 929 2564 rubiginem
975 2512 1102 2552 ducit
1147 2513 1182 2550 E
1232 2510 1248 2565 ΙΙ
1298 2509 1589 2566 (uirtutem)
1635 2510 1818 2551 desidia
1923 2486 1942 2549 l

198 2569 352 2608 Haase
387 2565 404 2620 ΙΙ
444 2567 621 2607 desidia
649 2570 682 2607 Τ
723 2565 739 2620 ΙΙ
782 2567 833 2607 12
873 2568 998 2609 facet
1027 2569 1060 2607 Β
1101 2566 1117 2621 ΙΙ
1159 2570 1211 2609 13
1244 2572 1615 2609 conuentemmor
1642 2568 1676 2606 B
1711 2565 1727 2620 ΙΙ
1765 2568 1818 2607 14
1912 2575 1942 2620 „4¹

199 2625 407 2665 habebat
437 2624 470 2662 B
492 2621 507 2676 ΙΙ
539 2626 590 2665 15
623 2625 940 2666 controuersia
969 2626 1002 2664 B
1025 2623 1041 2678 ΙΙ
1065 2626 1116 2665 16
1149 2626 1306 2666 fuscus
1336 2627 1397 2664 Ta
1417 2622 1433 2677 ΙΙ
1454 2625 1710 2677 ingeniosis
1739 2625 1773 2663 B
1801 2620 1815 2675 ΙΙ

202 2682 255 2722 18
293 2681 418 2721 iocos
457 2681 490 2720 Β
520 2678 536 2733 ΙΙ
571 2680 851 2722 discurreret
881 2680 1043 2723 Schott.
1072 2679 1088 2734 ΙΙ
1128 2683 1180 2722 21
1221 2681 1480 2734 permittasi
1515 2681 1549 2719 B
1586 2678 1602 2732 ΙΙ
1642 2682 1697 2720 23
1734 2692 1816 2719 nu-

199 2750 304 2777 men
335 2737 390 2777 N.
422 2737 565 2778 Faber
595 2734 611 2790 ΙΙ
651 2738 947 2778 mentiremus
986 2741 1048 2777 Ta
1084 2736 1099 2791 ΙΙ
1141 2740 1195 2778 24
1225 2751 1407 2782 socrum
1438 2737 1544 2777 BTa.
1583 2735 1599 2788 ΙΙ
1637 2738 1816 2789 patrem

200 2794 304 2833 BTa.
344 2790 360 2846 ΙΙ
409 2794 462 2834 25
502 2794 895 2846 peieorarauimus
925 2795 958 2833 B
1005 2795 1083 2848 pei
1121 2795 1374 2835 errauimus
1403 2795 1435 2833 T
1482 2790 1499 2845 ΙΙ
1548 2792 1817 2845 obiurgatur

198 2851 278 2891 BT
306 2847 322 2903 ΙΙ
353 2849 592 2891 effremato
620 2851 653 2890 B
