1936 3100
238 148 351 212 496,
761 147 993 189 ANNAEI
1024 147 1299 189 SENECAE
1418 141 1429 144 ·
1642 151 1776 201 p‚321
1799 149 1851 191 Β,

239 272 565 340 reipublicae
610 272 812 339 laesae,
873 274 927 323 et
971 271 1095 323 leno
1147 271 1240 338 qui
1287 271 1433 339 cogit
1490 271 1690 323 inuitas
1737 272 1851 339 pati

242 346 488 411 stuprum
524 359 624 394 nec
661 341 826 394 laedit
863 340 1264 409 rempublicam.
1337 340 1457 410 Ego
1495 359 1609 394 non
1645 341 1851 394 laudari

241 431 393 465 reum
448 412 720 480 desidero,
771 411 864 463 sed
912 411 1146 479 absolui3
1202 414 1396 463 noceat
1447 410 1552 464 hoc
1599 411 1680 463 illi
1729 429 1850 464 cum

243 483 476 536 honores
514 485 677 551 petet.
728 483 908 550 potest
944 481 1138 550 aliquis
1177 484 1231 534 et
1264 499 1379 534 non
1404 499 1516 534 esse
1553 482 1717 534 homo
1756 482 1851 535 110-

160 559 224 605 12
242 556 425 606 nestus
464 556 517 605 et
555 570 666 605 esse
704 552 963 605 innocens
1006 569 1146 605 reuS.
1222 549 1456 604 Deinde:
1507 570 1578 604 an
1614 552 1659 604 si
1707 552 1851 605 laesa
1873 567 1893 599 5

242 624 314 676 sit
349 623 666 692 respublica,
705 623 772 675 ab
809 623 914 675 hoc
950 623 1095 675 laesa
1131 622 1216 674 sit.
1290 640 1404 675 non
1441 640 1472 674 a
1507 640 1617 689 me,
1650 622 1850 691 inquit,

242 693 334 746 sed
371 712 403 746 a
437 693 750 761 parentibus
789 694 880 761 qui
926 693 1283 761 proiecerunt.
1355 692 1444 744 hic
1488 692 1740 761 crudelis,
1792 697 1853 745 ut

241 763 472 816 multum
508 763 617 815 illis
655 763 954 832 abstulerit,
993 763 1161 815 uitam
1198 761 1442 814 reddidit.
1508 761 1710 815 Contra
1747 763 1849 825 ait:

240 834 322 885 illi
359 834 600 904 singulos
627 836 920 902 exponunt,
958 836 1018 885 tu
1045 846 1229 885 omnes
1256 833 1524 885 debilitas:
1565 832 1645 884 illi
1682 850 1846 901 spem,

239 905 335 971 <tu
372 904 733 957 instrumenta
769 904 1025 972 uiuendi>
1063 902 1314 956 detrahis,
1388 902 1622 956 Deinde:
1663 921 1733 956 an
1769 905 1848 955 te·
1871 919 1912 951 10

238 977 433 1026 neatur
467 975 484 1044 ΙΙ
521 974 846 1043 reipublicae
894 974 1093 1043 laesae,
1142 974 1186 1025 si
1223 973 1353 1026 fecit
1389 973 1533 1042 quod
1581 974 1630 1026 ei
1676 973 1850 1026 facere

237 1043 379 1097 licet.
453 1063 566 1097 non
616 1048 820 1113 potest,
869 1045 1071 1113 inquit,
1118 1043 1231 1095 ulla
1278 1061 1362 1096 res
1418 1044 1536 1113 lege
1591 1044 1849 1112 damnari,

237 1132 374 1182 quae
411 1115 531 1185 lege
567 1115 914 1183 permittitur.
966 1115 1010 1166 si
1048 1114 1266 1166 domum
1303 1131 1479 1166 meam
1504 1114 1659 1182 dirui,
1698 1133 1849 1166 num·

238 1185 367 1252 quid
405 1186 535 1237 dicis
573 1203 657 1237 me
705 1185 1090 1252 rempublicam
1127 1184 1374 1236 laedere?
1422 1188 1476 1237 et
1510 1187 1724 1252 poteras
1764 1184 1849 1237 de-

236 1255 468 1307 scribere
495 1273 656 1323 quam
694 1255 1052 1308 inhumanum
1077 1255 1148 1307 sit
1171 1254 1295 1306 illos
1320 1254 1550 1323 parietes
1583 1255 1848 1307 maiorum
1872 1269 1913 1301 15

235 1324 294 1375 in
331 1328 573 1377 nostram
618 1343 787 1393 usque
825 1325 1110 1393 perductos
1153 1325 1467 1377 memoriam
1505 1325 1563 1377 in
1599 1325 1851 1379 hostilem

156 1401 219 1448 13
237 1395 455 1447 modum
508 1395 657 1448 deici.
735 1396 779 1447 si
826 1397 885 1447 in
936 1396 1078 1465 agris
1134 1395 1267 1447 meis
1317 1396 1533 1448 arbusta
1583 1394 1850 1448 succidere

236 1465 401 1517 uelim
441 1507 452 1518 .
483 1507 494 1518 .
525 1507 536 1518 .
566 1507 577 1518 .
616 1465 851 1518 Deinde:
891 1485 962 1518 an
999 1467 1103 1518 hoc
1139 1483 1252 1518 non
1288 1465 1501 1518 licuerit
1536 1465 1618 1516 illi
1654 1465 1843 1522 facere.

235 1535 414 1604 licuit,
453 1535 655 1604 inquit,
696 1536 925 1604 expositi
963 1537 1021 1588 in
1058 1535 1210 1588 nullo
1254 1553 1479 1588 numero
1516 1539 1668 1603 sunt3
1709 1537 1850 1588 serui

235 1610 385 1673 sunt,
438 1647 490 1658 ..
521 1647 573 1659 ..
626 1606 899 1659 educatori
946 1607 1123 1658 uisum
1172 1609 1267 1658 est.
1342 1605 1589 1675 Denique
1636 1606 1682 1658 si
1736 1624 1850 1659 non
1872 1619 1912 1652 20

234 1675 376 1743 licet,
415 1677 618 1728 habent
654 1677 855 1746 legem:
902 1677 1122 1730 talionis
1161 1693 1318 1746 agere
1366 1676 1450 1729 sin
1491 1676 1568 1728 uli
1604 1681 1847 1744 possunt,
1934 1717 1936 1731 ,

233 1745 552 1799 iniuriarum
576 1750 826 1815 possunt:
866 1747 1191 1816 reipublicae
1218 1746 1432 1815 quidem
1486 1764 1636 1799 aesae
1663 1747 1849 1815 (non)
1932 1806 1936 1819 λ

232 1819 413 1884 potest
458 1817 548 1887 agi
603 1835 789 1870 eorum
843 1818 1064 1870 nomine
1113 1818 1206 1886 qui
1262 1821 1410 1870 extra
1462 1817 1848 1886 rempublicam

233 1890 375 1939 sunt.
449 1905 563 1940 non
599 1891 778 1956 potest
813 1907 911 1956 pro
952 1889 1200 1940 omnibus
1238 1888 1327 1957 agi
1373 1905 1471 1956 pro
1511 1888 1704 1956 quibus
1743 1889 1847 1940 sin-

151 1961 216 2008 14
233 1957 374 2026 gulis
411 1975 524 2010 non
560 1961 754 2026 potest.
807 1957 930 2011 Scio
957 1957 1217 2027 quosdam
1253 1961 1442 2026 putare
1477 1959 1846 2027 quaestionem
1867 1969 1909 2004 25
1928 1958 1936 2038 ξ

233 2045 374 2079 esse:
423 2047 492 2080 an
529 2029 700 2096 possit
736 2047 768 2081 a
803 2029 1016 2097 priuato
1064 2029 1284 2081 homine
1331 2028 1470 2081 laedi
1517 2028 1844 2097 respublica3

232 2095 504 2151 SPARSVM
542 2102 683 2151 certe
720 2099 797 2151 ita
823 2099 1117 2151 declamare
1155 2099 1391 2151 memini.
1445 2098 1588 2166 quod
1626 2098 1671 2150 si
1705 2099 1846 2166 quis·
1926 2115 1929 2131 ⁵

232 2184 392 2234 quam
429 2168 620 2236 recipit
658 2172 712 2221 et
749 2169 898 2223 illam
935 2169 1182 2237 recipiet:
1222 2186 1292 2220 an
1329 2187 1360 2220 a
1396 2167 1619 2220 muliere
1655 2168 1840 2236 possit,
1924 2183 1927 2201 ⁴

348 2324 370 2361 1
402 2327 484 2375 pat
513 2325 546 2363 B
569 2323 585 2376 ΙΙ
607 2327 632 2365 2
665 2329 893 2377 struprum
926 2326 954 2364 c
975 2323 992 2377 ΙΙ
1014 2337 1135 2376 resp.
1168 2325 1206 2364 A
1234 2322 1250 2377 ΙΙ
1282 2336 1366 2378 ego
1396 2337 1518 2365 nunc
1549 2327 1578 2364 G
1606 2323 1623 2378 ss
1650 2324 1842 2365 laudare

231 2379 264 2417 Τ
292 2376 309 2430 ΙΙ
337 2381 365 2418 4
394 2380 515 2431 petit
543 2380 588 2429 0,
620 2393 734 2421 corr.
765 2381 799 2419 E
829 2379 845 2433 ΙΙ
874 2382 900 2421 5
930 2377 1109 2420 Deinde
1140 2384 1191 2420 ut
1221 2381 1356 2421 laesa
1388 2382 1449 2420 'rb
1471 2378 1487 2433 ss
1517 2381 1542 2421 6
1576 2393 1632 2421 an
1666 2381 1724 2422 ab
1756 2380 1843 2421 hoc

230 2435 292 2474 'rb
340 2431 363 2488 ΙΙ
408 2436 448 2477 6.
473 2436 498 2475 7
527 2448 599 2476 me
630 2436 679 2475 in
709 2436 789 2477 sed
819 2438 857 2476 A
886 2434 902 2489 ΙΙ
944 2439 969 2478 7
998 2440 1308 2490 progecerunt
1337 2437 1370 2476 B
1400 2434 1415 2488 ΙΙ
1456 2439 1482 2478 9
1512 2436 1606 2478 illis
1636 2436 1843 2490 singulos

227 2488 267 2528 A
305 2487 321 2542 ΙΙ
363 2491 416 2531 10
453 2491 587 2532 uerba
620 2495 682 2536 tu.
714 2493 743 2532 i.
774 2492 966 2532 uiuendi
1003 2494 1101 2533 add.
1135 2494 1195 2532 Tb
1245 2490 1262 2545 11
1312 2496 1546 2534 tenetetur
1573 2493 1611 2532 A
1660 2491 1676 2545 u
1714 2495 1763 2533 11
1805 2493 1844 2534 si
1910 2503 1913 2506 ’

143 2593 146 2598 Α
206 2545 338 2585 .ficet
368 2547 396 2585 0
424 2543 440 2599 ΙΙ
478 2549 529 2587 12
560 2545 582 2568 *
603 2549 756 2600 potuit
787 2549 817 2587 0
839 2547 854 2601 ΙΙ
892 2551 944 2590 13
976 2549 1175 2589 mittitur
1205 2549 1259 2600 0,
1291 2563 1405 2592 corr.
1439 2549 1597 2590 Selzult.
1621 2547 1637 2602 ΙΙ
1659 2547 1681 2570 *
1704 2549 1844 2589 diruit

230 2601 261 2639 0
296 2599 312 2654 Ι]
355 2603 420 2643 14.
445 2603 497 2643 15
529 2602 810 2645 describeret
840 2606 869 2643 c
919 2603 934 2658 ΙΙ
987 2606 1039 2646 16
1069 2608 1227 2646 nostra
1257 2606 1290 2644 B
1327 2603 1343 2658 ΙΙ
1383 2604 1635 2658 perductus
1665 2607 1694 2644 c
1730 2602 1746 2657 ΙΙ
1789 2607 1839 2645 17
1909 2615 1912 2643 ;

231 2656 376 2698 deicis
415 2659 463 2698 in
495 2661 597 2699 GTa
648 2660 771 2701 deici
808 2661 858 2700 in
889 2662 951 2701 Tb
1001 2659 1017 2714 ΙΙ
1068 2663 1121 2702 18
1152 2660 1306 2709 uellim
1337 2663 1365 2700 C
1414 2659 1430 2714 ΙΙ
1478 2665 1670 2703 lacunam
1698 2662 1841 2713 siquis.

229 2712 404 2766 Schult„
435 2714 565 2760 Burs,
588 2714 606 2769 ΙΙ
633 2717 688 2757 20
718 2719 909 2757 lacunam
938 2719 1128 2758 indicaui
1147 2716 1163 2770 ΙΙ
1194 2715 1220 2742 *
1240 2717 1357 2758 haec
1395 2718 1597 2772 iugatori
1627 2719 1729 2757 G'l'a
1757 2717 1838 2757 hoc
1899 2746 1901 2748 -

227 2768 382 2822 legum
411 2769 548 2812 latori
578 2773 638 2812 Tb
661 2770 677 2825 ΙΙ
699 2774 751 2812 21
784 2777 976 2825 possunt
1005 2786 1083 2817 om.
1115 2776 1179 2812 Ta
1199 2771 1215 2826 ΙΙ
1237 2775 1292 2815 22
1322 2787 1414 2815 11011
1445 2775 1546 2815 add.
1578 2775 1612 2813 E
1635 2772 1727 2826 1124
1756 2786 1838 2826 pro

229 2826 394 2877 quibus
424 2839 502 2868 om.
537 2831 599 2868 'ra
626 2827 643 2881 ΙΙ
678 2831 732 2871 26
763 2829 943 2871 homine
974 2831 1002 2868 G
1042 2828 1058 2881 ΙΙ
1099 2831 1152 2870 27
1185 2831 1356 2871 1161111111
1386 2831 1423 2869 A
1458 2828 1474 2882 ΙΙ
1515 2831 1568 2871 28
1601 2829 1839 2883 quisquam
1902 2850 1905 2853 ν

227 2883 404 2936 recepit
440 2885 469 2922 G
1881 2903 1889 2907 ·
