1936 3100
162 162 310 216 pana
324 161 378 203 B.
502 129 1106 204 conrnovi-:Rsunvu
1134 146 1255 204 Lis.
1286 161 1461 214 vnn(
1672 149 1774 215 391

163 284 362 338 diutius
397 284 521 339 illos
690 286 816 339 ‘ster
852 288 1086 339 armatos
1125 303 1286 355 quam
1323 286 1658 340 aduersarius
1696 305 1777 341 re-

158 356 311 409 tinet.
386 354 620 409 athletae
703 356 823 409 inos
869 355 1028 408 simul
1081 373 1142 409 ac
1186 358 1371 409 ternos
1408 356 1668 428 fatigant,
1717 361 1779 412 ut

158 425 371 479 facilius
434 425 662 497 singulis
725 425 991 479 resistant.
1083 443 1350 496 cursoreS,
1408 445 1573 496 quom
1634 428 1778 482 intra

160 499 413 566 exiguum
451 496 684 565 spatium
721 496 786 549 de
822 496 1111 550 uelocitate
1148 515 1335 551 eorum
1381 497 1671 567 iudicetur,
1722 497 1777 551 id

114 582 136 615 5
158 584 316 635 saepe
362 566 419 619 in
466 566 903 620 exercitationem
943 567 1249 638 decurrunt,
1288 569 1432 637 quod
1478 568 1641 622 semel
1691 568 1777 621 de-

162 637 370 689 cursuri
395 639 523 689 sunt
559 637 618 689 in
643 638 950 691 certamine.
996 639 1386 708 multiplicatur
1410 657 1475 692 ex
1510 639 1777 692 industria

155 706 309 760 labor
345 724 452 775 quo
491 707 848 761 condiscimus
859 751 874 777 ,
924 711 985 761 ut
1031 709 1240 762 leuetur
1278 728 1384 779 quo
1413 709 1774 764 decernimus

154 775 221 829 In
258 777 556 830 scolasticis
594 777 1074 833 declamationibus
1112 784 1301 833 contra
1337 781 1544 834 euenit:
1594 780 1779 834 omnia
1802 789 1834 838 5
1864 785 1866 787 ’

154 847 405 901 molliora
449 848 467 917 ΙΙ
514 852 568 901 et
604 849 865 902 solutiora
913 855 1053 903 sunt.
1128 852 1186 903 in
1235 851 1355 904 foro
1393 855 1605 920 partem
1641 851 1776 905 acci-

92 934 133 966 10
194 918 339 986 iunt,
387 918 445 971 in
491 918 676 972 schola
732 919 966 990 eligunt3
1023 921 1134 973 illic
1189 921 1353 974 iudici
1407 921 1773 991 blandiuntur,

155 936 243 1041 iiic
280 989 556 1057 inperant3
596 989 708 1043 illic
732 990 875 1043 inter
900 990 1174 1043 fremitum
1203 992 1551 1045 consonantis
1583 992 1774 1045 turbae

154 1058 515 1111 intendendus
562 1060 772 1112 animus
811 1064 918 1129 est,
965 1079 1073 1113 uox
1111 1062 1178 1113 ad
1225 1080 1380 1115 aures
1428 1061 1619 1115 iudicis
1655 1080 1774 1131 per-

153 1128 400 1181 ferenda:
439 1128 528 1182 hic
566 1147 631 1182 ex
656 1130 812 1183 uultu
851 1130 1076 1184 dicentis
1113 1131 1353 1200 pendent
1378 1132 1620 1186 omnium
1656 1133 1774 1186 uul-

152 1203 255 1252 tus,
304 1198 495 1269 Itaque
519 1199 671 1253 uelut
707 1219 771 1254 ex
796 1202 1050 1255 umbroso
1090 1207 1144 1255 et
1181 1203 1406 1256 obscuro
1444 1203 1772 1272 prodeuntes

87 1285 128 1317 1⁵
150 1269 269 1323 loco
309 1269 483 1323 clarae
520 1270 654 1323 lucis
692 1271 875 1342 fulgor
902 1273 1170 1342 obcaecat,
1211 1274 1286 1327 sic
1324 1275 1457 1327 istos
1483 1276 1586 1343 <e>
1611 1274 1772 1328 scolis

148 1340 207 1393 in
243 1340 423 1394 forum
459 1346 800 1395 transeuntes
839 1343 1020 1396 omnia
1067 1346 1343 1412 tamquam
1380 1363 1526 1398 noua
1563 1347 1618 1398 et
1653 1345 1772 1398 inu-

149 1410 310 1463 sitata
344 1411 677 1480 perturbant,
715 1430 814 1466 nec
841 1417 966 1466 ante
1005 1415 1062 1466 in
1101 1419 1370 1468 oratorem
1408 1415 1770 1468 conroboran-

149 1486 261 1549 tur,
322 1499 481 1550 quam
536 1482 719 1535 multis
774 1483 1063 1552 perdomiti
1113 1486 1452 1539 contumeliis
1507 1486 1769 1555 puerilem

150 1551 390 1604 animum
446 1551 740 1606 scolasticis
788 1554 993 1608 deliciis
1043 1555 1359 1636 languidum
1406 1574 1535 1610 uero
1585 1556 1769 1610 labore

84 1638 127 1670 20
149 1621 424 1675 durarunt.
499 1621 785 1692 LEPIDVS,
835 1625 920 1678 uir
976 1643 1223 1696 egregius
1273 1630 1327 1680 et
1373 1627 1466 1696 qui
1513 1626 1773 1680 declama-

148 1692 290 1746 torio
327 1710 440 1746 non
478 1693 654 1747 studio
684 1695 761 1725 ²⁸*

423 1875 1128 1943 <CONTROVERSIA
1179 1879 1495 1948 XXIIII.)

149 2002 471 2056 Adulterum
498 2021 618 2056 cum
645 2004 886 2057 adultera
912 2006 1004 2073 qui
1031 2005 1387 2076 deprenderit,
1414 2006 1541 2060 dum
1566 2011 1771 2062 utrum-

292 2092 395 2142 que
433 2091 626 2143 corpus
664 2075 979 2145 interficiat,
1019 2077 1135 2130 sine
1172 2076 1359 2130 fraude
1398 2078 1484 2131 sit.
1558 2078 1769 2150 Ingrati

81 2158 125 2191 25
289 2145 361 2197 sit
397 2145 554 2198 actio.
608 2143 878 2199 Miltiades
916 2147 1194 2215 peculatus
1221 2147 1520 2218 damnatus,
1560 2150 1618 2202 in
1657 2167 1769 2204 car-

266 2289 286 2328 1
320 2287 506 2342 diutqus
535 2288 573 2328 A
601 2285 617 2340 ΙΙ
647 2288 945 2331 aduersarios
977 2291 1004 2330 C
1035 2288 1050 2344 ΙΙ
1085 2293 1122 2337 1.
1146 2293 1171 2333 2
1204 2292 1405 2335 sustinet
1435 2293 1765 2335 iunctathenas

148 2344 181 2383 1
210 2343 296 2384 teti
326 2355 419 2384 une
451 2343 583 2386 tathe
618 2342 736 2398 [tate
770 2344 851 2400 Ba]
887 2359 970 2387 nas
1002 2348 1054 2399 0,
1087 2361 1201 2392 corr.
1235 2348 1394 2393 Bura:
1437 2363 1492 2391 an
1533 2349 1768 2392 luctantes

151 2398 356 2441 athletas
377 2401 398 2441 ἲ
440 2397 457 2453 ΙΙ
497 2403 525 2442 3
553 2402 577 2427 ²⁸¹
600 2401 718 2455 quod
750 2402 803 2452 0,
837 2415 927 2456 quo
958 2402 1089 2445 Burs.
1123 2402 1139 2457 ΙΙ
1179 2407 1206 2446 4
1236 2405 1512 2448 bellocitate
1545 2409 1574 2447 G
1604 2404 1620 2460 ΙΙ
1661 2410 1687 2449 5
1720 2407 1769 2448 in

152 2456 472 2497 ‹zi-citationem
503 2456 541 2496 A
581 2454 597 2510 Ι
626 2459 652 2500 6
682 2459 813 2500 uerba
844 2460 891 2500 in
924 2461 1177 2503 certamine
1209 2461 1273 2503 bis
1301 2475 1388 2507 scr.
1418 2463 1452 2503 Β
1482 2460 1545 2517 117
1579 2461 1639 2517 qd
1671 2476 1769 2505 cer·

150 2513 301 2553 nimus
331 2510 448 2566 018
478 2514 609 2554 uenit
630 2515 811 2556 omnino
843 2516 874 2555 0
896 2513 912 2569 ΙΙ
934 2517 959 2558 9
991 2517 1203 2559 solitiora
1233 2518 1266 2559 B
1288 2516 1304 2572 ΙΙ
1330 2521 1377 2559 11
1413 2519 1623 2561 inserant
1653 2521 1767 2572 cra,

148 2582 265 2610 corr.
292 2568 422 2612 Gron.
446 2566 463 2620 fl
489 2570 538 2610 12
570 2569 849 2623 perforenda
878 2572 916 2612 A
948 2573 1192 2615 referenda
1232 2574 1303 2618 W.
1318 2573 1517 2672 MiillerA}
1538 2578 1590 2618 13
1611 2575 1768 2617 dicen·

148 2630 220 2666 tes
242 2626 346 2665 Οτι
404 2624 610 2679 pendunt
631 2625 662 2665 0
682 2624 699 2679 ΙΙ
721 2628 875 2670 omnia
897 2630 960 2669 Τι.
980 2627 997 2683 ΙΙ
1021 2631 1072 2671 14
1093 2630 1167 2671 uel
1191 2632 1219 2671 0
1241 2629 1257 2685 ΙΙ
1279 2632 1462 2674 umbros
1538 2630 1554 2687 ΙΙ
1580 2634 1631 2674 15
1653 2632 1766 2674 dare

149 2680 266 2723 lucis
297 2682 327 2721 0
427 2683 493 2724 16.
521 2682 572 2723 16
611 2683 764 2725 nistos
794 2684 937 2726 inscio
971 2686 1116 2727 forum
1149 2688 1187 2727 A
1230 2689 1378 2731 iustos
1411 2689 1458 2729 in
1490 2687 1587 2741 §ciffi
1620 2689 1767 2731 forum

147 2738 201 2784 Β,
234 2742 332 2780 utos
372 2751 419 2779 m
450 2738 572 2780 soci⁹
600 2738 646 2780 in
679 2738 826 2781 sorum
856 2742 919 2781 ‘ra
947 2755 1062 2784 corr.
1096 2745 1225 2795 Ἕως,
1256 2743 1387 2786 Burs.
1440 2742 1456 2799 ΙΙ
1510 2746 1560 2787 17
1593 2748 1769 2798 negant

148 2798 196 2835 et
228 2795 274 2835 in
306 2795 335 2834 0
365 2792 382 2847 ΙΙ
415 2795 466 2836 18
497 2807 578 2848 pro
611 2794 687 2836 dm
720 2794 820 2848 ΤιΙΙ
854 2799 905 2839 19
937 2794 1123 2841 delictis
1154 2801 1183 2839 c
1250 2799 1521 2854 languidum
1553 2801 1590 2841 A
1621 2801 1769 2854 langi-

148 2849 252 2891 dum
284 2850 318 2890 Β
338 2849 355 2904 fl
376 2853 432 2893 20
463 2850 644 2905 lapidus
675 2850 711 2892 A
733 2850 749 2904 n
771 2854 825 2893 24
857 2853 1115 2896 internecat
1146 2855 1179 2895 Β
1239 2858 1293 2898 25
1325 2856 1580 2898 militiades
1612 2855 1675 2910 (et
1703 2858 1767 2898 sic

146 2918 315 2960 semper·
345 2909 388 2948 in
419 2908 499 2948 leuc
529 2910 746 2962 contr-ou.)
777 2908 808 2948 0
