1942 3034
149 119 256 173 300
682 117 911 159 ANNAm
933 117 1208 183 sENEoAE
1290 141 1303 149 -
1549 133 1592 174 p.
1607 121 1688 162 185
1705 120 1758 165 B,

153 243 389 312 suscipe:
429 243 746 314 sanguinem
782 260 963 294 meum
996 243 1140 311 patri
1163 242 1320 310 refer,
1358 244 1590 296 culleum
1625 244 1760 295 mihi

147 314 388 382 remitte3
426 315 552 366 uolo
590 313 752 381 mori,
792 313 884 364 sed
919 331 1056 381 pura
1091 330 1256 365 manu
1291 316 1411 381 tua3
1457 314 1561 366 hoc
1597 315 1764 382 pieta-

146 384 218 436 tis
262 387 390 436 tuae
435 401 632 436 munus
679 383 746 435 ad
782 383 986 435 inferos
1031 383 1322 452 perferam,
1370 384 1582 436 licuisse
1628 383 1763 436 mihi

83 457 119 504 4
186 471 243 507 er
286 454 510 506 fratrem
558 453 714 506 aliter
761 471 921 522 quam
970 453 1281 522 parssricidae
1331 454 1470 507 mori
1486 461 1518 506 '.
1593 452 1764 507 ASINI

196 538 491 578 OLLIONIS.
540 525 757 592 Aequas
781 523 916 575 mihi
940 524 1191 592 praebete
1217 542 1395 576 aures:
1434 524 1571 577 dabo
1611 525 1764 577 uobis
1787 539 1808 572 5

149 594 313 647 etiam
342 594 653 646 damnatum
679 593 1081 646 absoluendum.
1122 593 1311 662 ‘Viuit,
1340 595 1534 663 inquit,
1559 594 1763 647 frater'.

147 683 262 718 non
301 664 475 717 credo.
528 664 784 717 ‘seruauit
794 705 809 732 ,
847 664 1048 733 inquit,
1096 669 1219 717 me'.
1281 665 1457 717 fecisti
1493 668 1556 717 ut
1592 665 1767 717 crede-

147 752 278 787 rem.
339 733 489 787 Haec
515 738 596 787 est
621 752 828 787 summa
863 751 1043 786 rerum
1080 737 1374 803 gestarum:
1412 736 1471 786 in
1509 753 1571 787 ea
1608 735 1766 787 domo

148 805 209 857 in
245 822 352 873 qua
388 805 546 857 facile
583 804 930 873 parricidium
968 803 1230 857 creditum
1268 807 1363 873 est,
1409 822 1509 875 ego
1546 805 1768 857 fratrem

150 874 390 928 occidere
426 893 541 927 non
577 875 748 943 potui,
785 874 952 928 frater
987 877 1210 943 patrem.
1270 873 1439 936 ‘Quid
1475 875 1610 926 mihi
1647 893 1767 927 cum
1790 891 1831 922 10

147 946 254 998 ista
297 944 520 998 tabula?
568 945 732 998 semel
776 945 915 998 mori
960 945 1135 998 uolo'.
1212 945 1272 1006 Q.
1311 944 1560 997 HATERI.
1623 945 1770 997 Emi-

150 1015 347 1068 cabant
393 1014 569 1067 densis
615 1015 852 1083 undique
899 1015 1134 1067 nubibus
1178 1014 1408 1067 fulmina
1447 1019 1501 1067 et
1541 1016 1769 1068 terribili

148 1085 364 1155 fragore
426 1085 674 1138 horridae
734 1087 1078 1153 tempestates
1150 1086 1542 1138 absconderant
1602 1085 1768 1138 diem:

150 1156 348 1208 imbres
394 1155 629 1223 undique
678 1158 732 1207 et
781 1155 963 1208 omnia
1007 1155 1259 1224 procellis
1306 1156 1626 1208 saeuientia:
1685 1174 1770 1208 ex-

150 1228 346 1294 pectat,
384 1226 621 1294 inquam,
659 1225 980 1293 parricidam
1004 1243 1165 1277 mare.
1211 1226 1541 1279 intumuerat
1577 1226 1768 1278 subitis
1791 1241 1832 1273 15

150 1295 560 1364 tempestatibus
607 1313 754 1356 mare
809 1295 964 1347 iustis
1012 1313 1226 1364 quoque
1271 1296 1506 1365 nauigiis
1551 1295 1772 1348 horren-

153 1365 296 1418 dum.
360 1364 573 1434 Fateor,
612 1365 802 1433 fateor,
841 1365 979 1417 dixi:
1018 1365 1238 1417 fratrem
1275 1366 1390 1433 tibi,
1430 1367 1475 1418 si
1512 1366 1772 1419 innocens

153 1439 259 1505 est,
306 1435 570 1504 Fortuna,
621 1435 936 1488 conmendO.
996 1435 1191 1488 Inueni
1237 1436 1483 1489 relictum
1533 1436 1696 1488 etiam
1741 1454 1773 1488 a

151 1506 428 1576 naufragis
478 1506 757 1576 nauigium
806 1506 1171 1576 fragmentum
1208 1506 1398 1558 infelix
1434 1510 1487 1559 et
1536 1507 1643 1559 iam
1678 1525 1771 1558 na-

153 1577 418 1647 uigaturis
467 1594 649 1644 omen,
700 1576 844 1644 quod
889 1577 934 1628 si
983 1577 1102 1644 quis
1147 1577 1477 1646 gubernator
1532 1578 1767 1644 uidisset,
1792 1594 1835 1625 20

93 1640 125 1688 5
151 1647 254 1700 iter
291 1665 446 1699 suum
484 1647 789 1699 distulisset.
853 1647 1146 1716 naufragus
1185 1665 1217 1699 a
1261 1647 1443 1700 littore
1491 1647 1768 1699 emittitur.

152 1717 463 1769 MARCELLI
492 1718 835 1770 AESERNINI.
875 1716 1071 1785 Habes,
1110 1717 1348 1785 inquam,
1385 1717 1567 1785 frater,
1607 1717 1651 1768 si
1689 1717 1767 1769 in-

151 1805 352 1840 nocens
390 1806 446 1840 es
456 1829 472 1856 ,
509 1788 812 1857 nauigium,
852 1787 898 1839 si
933 1805 1134 1840 nocens
1146 1828 1161 1855 ,
1211 1787 1456 1839 culleum.
1518 1805 1631 1840 non
1667 1786 1771 1839 feci

151 1857 498 1927 parricidium
545 1861 599 1910 et
635 1889 705 1896 —
742 1875 903 1926 quam
949 1857 1107 1910 facile
1146 1875 1382 1910 erramus
1420 1857 1666 1910 homines
1702 1889 1770 1896 —

152 1929 356 1981 factum
392 1929 606 1997 putaui;
647 1928 1006 1980 deliberabam
1033 1946 1102 1980 an
1139 1946 1384 1997 parerem
1420 1928 1577 1996 patri.
1626 1926 1771 1980 ‘Fra-
1793 1943 1835 1976 25

152 2002 273 2067 ter’,
310 1999 505 2067 inquit,
544 2001 623 2051 ‘tu
660 1999 864 2067 primus
902 1998 960 2050 in
997 1997 1156 2051 domo
1193 1997 1534 2066 parricidium
1571 1997 1769 2050 facies'.

155 2070 523 2122 ARGENTARI.
589 2067 742 2130 Quod
773 2069 1001 2121 iusseras
1038 2068 1238 2121 factum
1264 2073 1369 2120 est:
1406 2068 1568 2136 periit
1590 2067 1770 2119 frater.

157 2138 350 2208 ‘Viuit,
388 2140 580 2208 inquit,
620 2142 674 2191 et
710 2157 795 2190 me
834 2139 1073 2191 dimisit'.
1113 2139 1256 2191 bono
1297 2140 1613 2207 argumento
1651 2155 1772 2205 pro·

153 2210 314 2261 batur
360 2210 559 2262 uiuere.
634 2209 903 2276 Vtrasque
942 2208 1009 2261 ad
1056 2208 1260 2260 caelum
1304 2225 1494 2260 manus
1532 2208 1769 2260 sustulit:

271 2450 292 2488 1
335 2448 519 2501 suspipe
551 2450 613 2487 Ta
634 2446 650 2500 ΙΙ
673 2449 697 2487 2
728 2447 886 2488 moriri
915 2448 952 2486 A
974 2445 989 2500 ΙΙ
1011 2447 1144 2501 plura
1175 2450 1278 2488 GTa
1312 2447 1376 2501 114
1406 2448 1605 2501 aliquem
1637 2462 1773 2502 quam

153 2506 254 2545 01⁸2
274 2502 290 2557 ΙΙ
312 2505 338 2544 6
369 2503 700 2545 obsolbendum
731 2501 845 2556 0118
875 2515 929 2543 ea
959 2517 1034 2548 om.
1057 2504 1142 2543 AB
1162 2501 1182 2557 ΙῙ
1204 2506 1256 2545 10
1286 2508 1463 2558 patrem
1494 2501 1772 2557 (seruauit)

163 2561 235 2601 W.
262 2561 423 2602 Mz'iller
462 2559 478 2613 ΙΙ
520 2561 570 2599 11
614 2559 722 2612 quid
755 2556 850 2612 [qui
880 2558 1004 2613 Bra]
1040 2561 1188 2601 cateri
1218 2561 1316 2600 c'l'a
1357 2558 1372 2613 ΙΙ
1422 2562 1476 2601 14
1512 2561 1770 2602 saeuientia

154 2617 191 2656 A
232 2615 247 2669 u
291 2619 343 2658 15
373 2616 523 2669 inquit
553 2618 615 2655 Ta
655 2613 671 2667 Π
713 2618 765 2656 17
798 2616 915 2656 dixit
946 2618 974 2655 G
1015 2614 1030 2669 ΙΙ
1072 2617 1112 2657 si
1143 2629 1350 2658 noncens
1380 2618 1409 2655 c
1448 2614 1464 2669 ΙΙ
1507 2617 1560 2658 18
1591 2616 1616 2643 *
1638 2617 1770 2658 uerba

153 2673 322 2714 Inueni
351 2703 362 2713 .
379 2703 389 2714 .
407 2702 418 2714 .
446 2672 684 2725 nauigium
713 2678 812 2724 post
842 2673 1139 2725 parricidium
1171 2672 1319 2714 facies
1348 2687 1389 2713 u.
1412 2675 1466 2713 26
1498 2675 1691 2725 leyuntur
1719 2673 1768 2714 in

156 2729 232 2768 ΟΕ
261 2726 277 2782 ΙΙ
309 2730 362 2771 18
391 2729 603 2768 inuenire
633 2727 784 2769 locum
816 2729 870 2779 0,
901 2742 1016 2772 corr.
1049 2729 1105 2770 N.
1139 2729 1281 2770 Faber
1309 2727 1324 2781 ΙΙ
1362 2730 1415 2769 21
1454 2728 1599 2770 uitem
1641 2741 1770 2769 suum

155 2783 300 2838 01123
331 2785 372 2826 si
399 2785 593 2826 inocens
625 2784 832 2825 acaleum
862 2787 924 2824 Ta
945 2783 961 2838 ΙΙ
983 2786 1038 2825 24
1067 2784 1190 2825 ficile
1220 2785 1460 2826 hei-ramus
1491 2786 1520 2823 c
1550 2784 1771 2825 facillime

156 2853 359 2882 erramus
388 2841 420 2880 Τ
441 2838 456 2892 ΙΙ
479 2853 634 2882 omnes
665 2841 699 2879 E
722 2838 738 2892 ΙΙ
760 2842 814 2881 25
847 2841 1039 2883 fratrem
1070 2842 1167 2880 c'ra
1201 2839 1220 2895 Η
1259 2842 1314 2882 26
1344 2842 1561 2881 turrimus
1593 2842 1689 2880 cTa
