1936 3100
209 107 316 162 538

940 107 1148 151 INDEX.

271 205 522 263 ditissimus
553 222 581 259 C
612 220 658 261 II
692 221 782 272 1‚7.
813 220 962 260 uictus
984 219 1024 260 V
1069 219 1120 270 Q.
1139 219 1364 260 Dellius
1395 233 1528 274 quem
1546 222 1746 263 Messala
1763 222 1873 263 Cor-

273 280 310 322 1.
345 280 507 330 captus
537 277 576 318 V
609 277 647 318 7.

212 333 393 375 CRATON
429 333 780 374 uenustissimus
817 331 950 373 homo
980 337 1024 373 et

271 390 505 443 professus
525 389 737 439 Asianus,
761 389 839 442 qui
857 388 1024 430 bellum

271 459 372 488 cum
402 445 608 487 omnibus
638 445 807 487 Atticis
836 446 1024 497 gerebat

272 503 314 543 X
335 503 452 554 5,21.
484 502 651 543 Caesar
670 500 924 555 (Auyustus)
946 501 1021 542 do·

271 560 400 601 nauit
432 559 475 599 ei
513 557 764 609 talentum,
806 570 1022 599 commen-

274 616 404 656 dauit
415 614 651 663 Passieno,
670 627 913 668 numquam
934 614 1024 655 nisi

269 684 426 713 mense
471 670 694 712 decembri
739 670 955 712 audiebat
986 671 1024 710 X

273 730 390 779 5‚21.
424 739 556 779 saepe
575 726 751 768 solebat
771 726 894 781 apud
913 727 1021 768 Cae-

274 797 421 825 sarem
453 796 554 824 cum
585 784 887 836 Timagene
915 795 1024 824 con-

272 841 426 893 fligere
454 840 498 880 X
526 842 644 891 5‚22.
695 841 785 881 eius
812 842 1023 882 sententia

274 897 577 938 furiosissima
605 897 663 940 ib.
685 898 754 942 21.

211 952 470 995 Caanv'nvs
498 952 679 994 Connvs
709 952 763 994 de
793 951 1025 994 Ciceronis

272 1014 418 1051 morte
457 1011 483 1049 S
513 1011 633 1061 6,19.
685 1010 784 1051 eius
819 1009 1025 1050 laudatio

273 1065 512 1108 Ciceronis
544 1078 627 1107 nec
657 1066 758 1119 ipso
789 1077 872 1107 nec
903 1064 1025 1106 Cice·

274 1135 384 1163 rone
415 1122 553 1175 digna
585 1123 610 1162 S
639 1123 682 1173 6,
700 1124 770 1164 23.

212 1177 420 1219 Cretae
450 1178 712 1231 prouinciae
731 1190 910 1231 procos.
942 1177 1026 1219 Oc—

272 1236 370 1275 cius
399 1234 601 1275 Flamma
630 1235 658 1274 G
680 1234 818 1275 VIIII
846 1236 968 1284 4,19.

214 1289 252 1331 C
265 1294 418 1331 roten
429 1303 448 1331 s
460 1303 484 1332 e
497 1304 518 1331 s
534 1291 834 1343 magistratus
846 1291 874 1330 G
892 1289 1025 1331 VIIII

212 1403 410 1444 Cmsrvs
438 1392 658 1457 antiquus
694 1402 850 1444 rhetor
879 1405 908 1442 c
938 1401 1028 1443 VII

272 1462 315 1511 4,
327 1461 367 1501 9.
418 1461 508 1500 eius
537 1461 772 1501 sententiae
809 1458 927 1500 belle
956 1471 1026 1500 so-

274 1516 430 1558 nantis
469 1516 727 1569 conpositio
758 1515 915 1557 multis
945 1516 1022 1556 im

274 1573 431 1624 posuit
459 1573 513 1614 ib.
537 1575 602 1614 10.

212 1628 461 1670 Croesus
506 1629 628 1670 inter
672 1640 798 1682 reges
845 1628 1027 1682 opulen-

275 1685 483 1727 tissimus
499 1687 528 1725 c
545 1685 593 1726 11
611 1687 699 1736 1‚7.
734 1685 893 1727 Croesi
908 1683 1029 1726 filius

275 1746 430 1783 mutus
459 1742 549 1784 VII
582 1743 703 1793 5‚12.

216 1795 466 1840 Curtius.
498 1799 588 1840 eius
617 1810 737 1841 mors
767 1799 796 1837 c
827 1798 939 1840 VIII
969 1798 1010 1838 4.

216 1851 496 1908 Cyclades
528 1855 554 1894 S
585 1856 703 1902 1‚12.

212 1908 466 1964 Cyclops
498 1912 525 1950 S
556 1913 675 1963 1‚11.

215 1965 565 2021 Cynaegiros
603 1968 630 2006 S
670 1968 773 2018 5‚2;
824 1967 852 2007 c
891 1966 1027 2007 VIIII

218 2193 382 2234 DAMAS
414 2192 702 2235 Scombros
746 2190 794 2246 [c
825 2192 872 2235 11
901 2192 1028 2244 6,12;

279 2250 321 2290 Χ
350 2252 394 2301 4,
410 2247 497 2303 21.]
551 2249 893 2303 corruptissime
921 2249 1035 2290 dimit

279 2309 532 2347 sententiam
564 2306 764 2359 leconis
793 2307 822 2346 c
854 2304 897 2344 X
925 2306 968 2356 5,
978 2306 1029 2345 21

275 2362 360 2431 (ef.
393 2362 416 2402 Ι
453 2320 944 2430 4‚10)‘'[(Trauibus),

281 2411 505 2471 ἐγένοντο
534 2410 735 2471 ᾇήτορες
774 2410 1032 2482 ἐπιφανεῖς

283 2472 615 2540 Διονυσοκλῆς
664 2487 716 2516 τε
766 2470 851 2516 καὶ
911 2467 1032 2528 μετὰ

283 2529 439 2572 ταῦτα
470 2524 699 2585 Δάμασος
737 2545 763 2572 ο
798 2521 1036 2586 σκόμβρος

283 2587 443 2629 Strabo
492 2586 631 2629 XIIII
684 2601 730 2640 p.
760 2588 858 2631 649.
870 2585 886 2640 ]
947 2587 1037 2629 eius

283 2645 519 2684 sententiae
560 2645 586 2683 S
618 2645 747 2695 1,13;
785 2644 828 2693 2,
841 2645 915 2695 143
954 2646 984 2683 0
1014 2645 1037 2685 1

284 2701 410 2752 4,10;
443 2699 488 2741 11
518 2701 648 2752 6,12;
682 2699 725 2740 x
754 2673 880 2749 4,2'1;
913 2697 1036 2751 5,21.

226 2756 408 2796 Danai
437 2757 464 2796 S
493 2758 612 2806 2,19.

227 2812 391 2853 Decii
421 2814 449 2853 c
479 2812 617 2855 VIIII
647 2814 741 2862 2,9.

228 2868 435 2912 Decius
467 2871 495 2908 c
526 2868 569 2908 X
600 2871 690 2919 2,.3.

1126 275 1260 317 uinus
1318 275 1594 319 desultorem
1656 277 1874 320 bellorum

1126 332 1336 373 ciuilium
1363 336 1525 385 uocat,
1558 334 1666 387 quia
1696 334 1753 375 ab
1784 335 1875 375 Do-

1125 387 1297 430 labella
1329 388 1386 429 ad
1414 388 1620 431 Cassium
1655 392 1876 432 transitu-

1126 458 1204 486 rus
1242 445 1435 486 salutem
1465 446 1552 488 sibi
1589 451 1748 499 pactus
1788 452 1875 497 est,

1125 501 1166 542 si
1210 500 1492 543 Dolabellam
1537 502 1804 544 occidisset:
1849 516 1876 543 a

1126 556 1285 599 Cassio
1315 557 1472 599 deinde
1502 559 1688 600 transiit
1709 559 1765 600 ad
1784 561 1877 600 An-

1129 614 1322 665 tonium,
1338 614 1582 656 nouissime
1599 615 1656 656 ab
1673 615 1874 657 Antonio

1129 669 1379 722 transfugit
1409 671 1466 711 ad
1488 670 1743 713 Caesarem.
1789 671 1878 712 Hic

1127 729 1198 767 est
1235 725 1455 769 Dellius
1495 727 1624 768 cuius
1665 728 1878 781 epistu-

1126 781 1216 823 lae
1232 782 1879 837 adCleopatramlasciuae

1128 838 1338 880 feruntur
1391 840 1417 878 S
1455 841 1545 890 1‚7.
1601 836 1777 894 [Strabo
1813 839 1881 880 XI

1125 907 1169 947 p.
1199 896 1282 937 523
1314 896 1424 937 Plut.
1442 897 1602 940 Antan.
1620 897 1690 938 59.
1727 896 1877 937 Vellei.

1126 951 1173 993 11
1210 953 1279 996 84.
1329 951 1451 993 Cass.
1490 952 1574 994 Dio
1615 951 1767 994 XLIX
1805 954 1878 1002 393

1127 1008 1165 1048 L
1199 1009 1266 1049 13.
1335 1008 1434 1049 Sen.
1473 1010 1527 1050 de
1583 1011 1699 1051 clem.
1742 1008 1764 1049 Ι
1811 1011 1878 1050 10.

1127 1065 1288 1106 Horat.
1310 1064 1450 1105 Garm.
1479 1064 1526 1106 11
1555 1062 1619 1119 3.]
1652 1067 1742 1106 eins
1772 1066 1878 1106 belle

1128 1121 1281 1161 dictum
1313 1122 1339 1159 S
1372 1123 1465 1172 1,7.

1070 1176 1382 1217 Deiotarus
1412 1180 1438 1217 S
1468 1179 1586 1228 6,11.

1068 1232 1470 1274 Demosthenes
1510 1235 1536 1273 S
1565 1234 1694 1284 2‚15;
1734 1234 1762 1274 0
1794 1234 1882 1275 VII

1126 1291 1231 1340 3‚4;
1261 1289 1359 1339 4‚8;
1390 1289 1529 1331 v1111
1561 1291 1683 1340 1,14.

1072 1346 1270 1386 Dmcmzs
1289 1344 1538 1387 CAmrs‘nvs
1567 1345 1684 1386 dixit
1703 1350 1882 1387 senten-

1128 1402 1261 1453 tiam,
1303 1414 1418 1455 quae
1446 1414 1539 1443 non
1576 1402 1626 1443 in
1655 1401 1885 1444 declama·

1130 1460 1256 1500 tione
1286 1461 1466 1499 tantum
1503 1462 1662 1512 posset
1691 1457 1884 1512 placere,

1130 1513 1208 1556 sed
1235 1515 1372 1555 etiam
1400 1515 1449 1555 in
1479 1514 1696 1556 solidiore
1727 1514 1883 1568 aliquo

1131 1571 1295 1624 scripti
1309 1582 1473 1623 genere
1490 1573 1519 1611 G
1538 1571 1562 1612 Ι
1579 1573 1621 1621 8,
1633 1573 1686 1613 16
1707 1571 1785 1622 (cf.
1796 1571 1886 1613 VII

1134 1626 1272 1680 1,26).
1310 1629 1399 1669 eius
1427 1629 1664 1669 sententiae
1697 1628 1723 1667 S
1752 1629 1883 1680 2,20;

1132 1685 1159 1724 c
1190 1684 1211 1725 1
1244 1685 1369 1735 1,25;
1401 1685 1650 1735 3‚12;5,9;
1672 1685 1884 1734 8,15.16;

1131 1740 1178 1782 11
1216 1742 1350 1791 3,23;
1389 1742 1518 1791 6‚13;
1556 1740 1646 1782 VII
1679 1741 1802 1791 1,26;
1843 1740 1885 1781 X

1076 1854 1320 1894 Dronrsws
1349 1851 1470 1894 filius
1500 1853 1598 1894 eius
1618 1852 1660 1893 D
1673 1852 1724 1894 io
1734 1865 1763 1894 ιι
1773 1863 1803 1903 y
1813 1863 1834 1893 s
1843 1851 1888 1891 ii
1921 1887 1926 1889 ,

1131 1911 1208 1963 qui
1245 1908 1479 1950 Ciceronis
1521 1907 1665 1952 filium
1711 1907 1883 1957 docuit,

1135 1965 1323 2018 elegans
1395 1965 1540 2018 magis
1607 1963 1885 2006 declamator

1133 2034 1267 2085 quam
1295 2021 1534 2064 uehemens
1564 2024 1594 2062 θ
1626 2021 1650 2062 1
1677 2022 1800 2072 4,11

1076 2071 1377 2127 Διόνυσος
1406 2081 1433 2119 S
1464 2080 1504 2129 1,
1515 2079 1557 2122 6.

1075 2133 1380 2176 Dolabella
1409 2137 1436 2175 S
1466 2137 1506 2186 1,
1517 2136 1557 2176 7.

1133 2188 1250 2244 [Um]
1291 2167 1574 2232 Domitius
1615 2187 1889 2242 [Ahenobar
1930 2186 1933 2206 '¹

1134 2245 1246 2300 bu8].
1279 2247 1411 2288 lulius
1422 2246 1477 2298 (ῗ)
1501 2246 1683 2287 Sabinus
1706 2246 1853 2286 dixit·
1840 2258 1889 2285 ιιι
1924 2243 1933 2302 3'

1133 2303 1442 2344 Domitium
1471 2298 1804 2343 nobilissimum
1821 2301 1889 2341 ui-
1923 2304 1933 2333 i

1136 2372 1236 2402 rum
1283 2360 1333 2399 in
1381 2358 1685 2400 consulatu
1733 2355 1803 2410 (a.
1846 2371 1890 2398 u.
1905 2378 1936 2412 -3

1138 2416 1237 2468 785)
1269 2427 1372 2456 cum
1391 2415 1587 2456 thermas
1606 2413 1903 2468 prospicien—

1138 2474 1200 2515 tis
1229 2472 1352 2514 uiam
1384 2484 1561 2515 sacram
1589 2469 1890 2517 aedificasset,

1139 2526 1366 2582 coepisset
1385 2527 1549 2570 deinde
1568 2526 1778 2568 rhetores
1801 2527 1895 2567 cir
1900 2543 1902 2546 >

1137 2586 1310 2628 cumire
1360 2589 1407 2627 et
1450 2583 1701 2625 declamare
1749 2581 1900 2636 ego'

1138 2643 1286 2695 inquit
1310 2640 1543 2682 sciebam’
1565 2640 1652 2682 hoc
1673 2644 1720 2681 te
1740 2638 1894 2680 factu-

1138 2711 1236 2740 rum
1271 2702 1317 2738 et
1354 2697 1494 2738 matri
1535 2700 1647 2738 tuae
1685 2695 1892 2757 querent'

1138 2756 1194 2796 de
1213 2759 1295 2796 tua
1317 2753 1487 2796 desidia
1514 2753 1738 2794 dixeram.
1769 2764 1881 2817 πρω

1138 2824 1222 2853 τον
1262 2806 1534 2864 κολυμβᾶν,
1575 2801 1804 2861 δεύτερον
1835 2802 1895 2848 δὲ

1139 2860 1396 2921 γράμματα
1425 2868 1454 2905 c
1483 2841 1619 2908 V'1111
1649 2866 1772 2915 4,18.
