1976 3054
169 1199 182 1211 ⁹
227 1183 258 1230 8
425 1182 677 1236 DIVISIO.
737 1182 803 1234 In
840 1183 941 1234 hac
976 1183 1344 1235 controuersia
1380 1182 1518 1235 nihil
1555 1183 1733 1235 litium
1769 1181 1899 1235 fuit:
1923 1202 1942 1233 1

284 76 400 146 116·
813 75 1042 118 ANNAm
1074 73 1349 117 SENECAE
1697 89 1741 129 p.
1763 76 1817 117 96
1838 76 1892 120 B.
1935 0 1976 99 l·

282 201 518 269 petitura
554 199 841 269 regiones?
893 201 974 250 est
1011 199 1155 250 enim
1190 198 1291 250 tibi
1328 199 1522 267 aliquis
1567 197 1757 251 locus?
1803 217 1893 266 pa·
1947 195 1950 216 t

226 263 255 309 7
282 275 364 323 ter
400 274 524 323 tuus
561 270 718 322 nobis
756 269 928 321 maria
964 268 1271 338 praeclusit,
1308 287 1456 321 meus
1481 273 1666 322 terras,
1718 268 1894 322 CESTI

283 341 391 394 PII.
466 339 654 394 Solent
693 340 784 408 qui
823 342 1093 408 coguntur
1131 357 1162 390 a
1198 339 1438 406 patribus
1476 343 1537 391 ut
1574 358 1764 392 uxores
1803 339 1896 391 du-

285 414 409 464 cant
433 411 528 463 illa
554 410 751 462 dicere:
782 414 913 461 ‘non
943 427 1126 461 sumus
1155 409 1312 461 etiam
1341 428 1486 462 1111116
1511 410 1624 478 apti
1648 409 1891 478 nuptiis'.
1948 454 1952 463 ,.

285 500 386 552 ego
405 484 591 533 contra
615 480 826 549 refugio
854 497 1075 532 uxorem
1102 479 1227 547 quia
1252 481 1470 532 uxorius
1496 499 1628 532 sum.
1668 481 1894 531 ARELLI
1939 468 1953 534 1

282 551 458 604 FVSCI
495 551 678 619 patrie.
734 550 994 618 Inpotens
1031 550 1233 602 malum
1259 553 1340 603 est
1375 551 1532 603 beata
1569 568 1718 602 uxor.
1775 568 1896 602 cum
1949 536 1955 596 l

283 623 587 674 inmensum
633 620 843 689 pondus
882 621 998 672 auri
1036 620 1166 673 orba
1203 621 1457 689 attulerit,
1513 639 1634 674 cum
1670 620 1898 689 pecunia

284 710 433 744 arcas
471 694 682 744 nostras
717 691 1036 754 onerauerit,
1078 690 1206 759 quid
1243 691 1388 743 aliud
1415 710 1575 759 quam
1611 691 1755 743 beati
1793 709 1898 742 ser-

282 762 531 814 uiemus‘?
579 762 768 814 Altera
804 761 975 812 filium
1003 760 1093 813 dat
1127 761 1243 829 tibi,
1283 762 1451 814 altera
1486 761 1896 830 patrimonium:

283 835 462 901 pater,
510 834 632 884 utra
677 831 848 900 magis
899 830 1048 883 diues
1086 830 1203 883 est?
1276 831 1540 900 Locuples
1579 835 1681 900 est,
1728 834 1897 899 pater,
1922 851 1940 882 1

285 921 446 971 quam
482 902 618 954 mihi
644 902 920 955 concilias:
963 920 993 954 o
1021 902 1065 954 si
1103 902 1279 971 scireS,
1320 921 1480 970 quam
1507 902 1653 954 diues
1690 906 1743 954 et
1766 901 1899 954 haec

283 973 496 1025 fuisset!
574 971 754 1040 ‘Orba7
793 973 984 1041 inquit,
1025 974 1148 1024 est’:
1189 975 1243 1024 et
1278 972 1410 1025 haec
1449 973 1579 1025 orba
1617 975 1720 1039 est3
1760 972 1901 1024 inter

285 1043 609 1164 duasforbas
649 1061 711 1094 ea
747 1042 882 1094 mihi
920 1041 1154 1094 curanda
1191 1046 1271 1095 est
1307 1043 1477 1112 magis
1515 1061 1676 1111 quam
1715 1043 1899 1095 orbam

285 1130 385 1183 ego
449 1130 543 1165 661.

283 1253 396 1305 fere
448 1271 631 1306 omnes
680 1253 1040 1305 consentiunt.
1113 1252 1313 1305 LATRO
1361 1254 1591 1321 primam
1639 1253 1901 1321 quaestio-

284 1341 410 1378 nem
447 1323 598 1375 fecit:
651 1341 721 1374 an
757 1326 910 1391 pater
946 1327 1167 1391 propter
1213 1323 1618 1375 matrimonium
1657 1323 1901 1375 abdicare
1953 1331 1959 1383 ξ

284 1394 458 1446 filium
505 1394 700 1462 possit,
749 1411 870 1445 cum
916 1393 1147 1445 liberum
1194 1394 1385 1462 cuique
1431 1393 1591 1445 huius
1639 1393 1716 1445 rei
1764 1393 1903 1445 arbi·
1956 1388 1958 1398 ’

284 1464 451 1517 trium
509 1464 592 1516 sit.
681 1463 907 1516 GALLIO
964 1464 1190 1516 subiecit
1250 1464 1400 1516 huic:
1464 1464 1672 1516 etiamsi
1724 1467 1904 1532 potest

285 1535 549 1603 imperare
587 1535 700 1587 filio
739 1537 799 1586 ut
836 1552 1057 1587 uxorem
1096 1533 1280 1602 ducat,
1321 1553 1390 1586 an
1429 1535 1493 1603 ei,
1533 1535 1626 1603 qui
1663 1534 1771 1585 iam
1808 1534 1902 1586 ha-
1925 1554 1962 1587 2c

285 1605 393 1658 bet.
461 1604 663 1657 LATRO
714 1605 1000 1656 secundam
1048 1604 1202 1656 fecit:
1241 1605 1287 1656 si
1323 1605 1406 1657 ius
1445 1608 1525 1656 est
1559 1604 1702 1672 patri
1742 1604 1903 1656 etiam
1958 1625 1963 1649 1

287 1677 509 1744 propter
557 1675 959 1728 matrimonium
1010 1674 1315 1743 abdicandi,
1373 1693 1443 1727 an
1499 1675 1624 1727 111116
1676 1674 1904 1727 liberum

289 1763 402 1798 non
438 1745 602 1797 fuerit
646 1764 859 1813 parere,
907 1763 1028 1797 cum
1074 1745 1314 1797 iurasset.
1388 1745 1508 1797 Hoc
1555 1745 1613 1796 in
1659 1744 1791 1797 haec
1829 1744 1904 1796 di-

288 1816 440 1867 uisit:
481 1834 551 1867 an
587 1834 745 1868 nemo
790 1815 1130 1868 iureiurando
1168 1818 1415 1867 teneatur
1453 1833 1558 1883 quo
1596 1833 1692 1883 per
1727 1833 1905 1868 neces-

290 1887 503 1938 sitatem
540 1886 758 1938 adactus
797 1889 902 1954 est3
944 1905 1013 1938 an
1052 1885 1348 1953 expleuerit
1393 1885 1764 1939 iusiurandum
1812 1885 1902 1937 du·
1926 1903 1945 1934 2

291 1957 457 2009 cendo
496 1956 646 2008 illam
683 1975 929 2024 uxorem3
979 1975 1048 2009 an
1087 1956 1295 2008 etiamsi
1332 1974 1446 2009 non
1487 1956 1745 2025 expleuit,
1792 1974 1906 2008 non

289 2029 537 2079 teneatur
583 2027 846 2096 religione
886 2027 977 2095 qui
1025 2030 1238 2079 coactus
1276 2026 1481 2095 aliquid
1519 2029 1706 2079 contra
1742 2026 1905 2078 iusiu-

289 2097 518 2149 randum
571 2097 724 2149 facit:
783 2097 928 2149 hunc
986 2099 1164 2149 autem
1222 2097 1342 2165 cogi
1387 2115 1419 2148 a
1463 2099 1632 2164 patre.
1708 2095 1765 2148 Si
1811 2114 1907 2165 per

291 2167 661 2219 iusiurandum
732 2166 863 2219 facit
899 2168 916 2236 Η
951 2165 1114 2238 1111116]
1162 2169 1341 2234 potest
1385 2184 1571 2234 parere
1620 2167 1786 2235 patri⁷
1836 2185 1906 2219 an

295 2237 500 2289 debeat.
574 2237 663 2288 hic
737 2255 764 2288 e
802 2237 1006 2289 meritis
1044 2236 1253 2305 puellae
1292 2239 1345 2288 et
1381 2237 1634 2290 moribus,

407 2423 428 2460 1
464 2421 667 2473 peritura
697 2421 806 2460 AaB
836 2419 852 2474 ΙΙ
881 2422 906 2460 2
937 2424 1011 2461 tus
1042 2422 1070 2460 C
1102 2419 1117 2474 ΙΙ
1158 2433 1286 2462 meas
1316 2422 1349 2461 B
1370 2419 1386 2474 ΙΙ
1418 2423 1443 2462 5
1475 2434 1563 2473 qua
1593 2434 1705 2461 uxor
1735 2422 1905 2461 iussum

294 2480 322 2517 c
360 2475 376 2530 ΙΙ
407 2479 432 2517 6
462 2477 667 2518 insolens
697 2479 729 2516 Τ
766 2475 782 2530 ΙΙ
820 2478 846 2518 8
879 2477 1012 2517 beate
1044 2480 1097 2526 Τ,
1129 2478 1296 2518 beatae
1330 2478 1479 2518 Haase
1508 2475 1525 2530 ΙΙ
1561 2480 1586 2518 9
1618 2477 1739 2517 alter
1769 2479 1864 2517 swa
1893 2476 1906 2529 ΙΙ

295 2535 343 2573 11
381 2546 430 2575 os
462 2534 606 2574 scires
638 2534 676 2572 A
697 2531 712 2586 ΙΙ
737 2535 803 2574 12.
827 2535 878 2574 13
902 2533 950 2573 in
974 2533 1090 2573 duas
1121 2535 1149 2572 c
1170 2530 1187 2587 Η
1211 2535 1261 2573 15
1290 2534 1434 2574 fuisse
1458 2533 1502 2580 0,
1529 2533 1617 2573 fuit
1643 2534 1792 2574 Haase
1815 2531 1831 2586 ss
1855 2535 1904 2573 17

295 2589 617 2642 patrimonium
652 2590 682 2628 0
705 2587 720 2642 ΙΙ
745 2588 961 2630 abdicere
993 2590 1030 2628 A
1051 2587 1067 2642 ΙΙ
1091 2591 1142 2630 19
1176 2589 1325 2631 Gallio
1358 2590 1388 2628 0
1409 2587 1425 2643 ΙΙ
1447 2591 1502 2630 20
1535 2603 1592 2629 an
1617 2593 1663 2629 et
1685 2589 1729 2630 ei
1759 2589 1904 2642 possit

295 2646 373 2698 qui
403 2645 562 2688 Schult.
593 2643 608 2698 ΙΙ
639 2647 692 2686 22
725 2646 1068 2686 matremonium
1099 2647 1138 2685 A
1176 2646 1497 2699 patrimonium
1530 2647 1561 2684 Τ
1601 2659 1652 2686 m.
1685 2658 1754 2696 pr.
1797 2642 1813 2698 ΙΙ
1853 2646 1907 2686 25
1965 2679 1970 2700 ‚

295 2705 489 2742 auactus
520 2702 557 2740 A
607 2699 623 2754 ΙΙ
674 2701 983 2743 iusiurandom
1016 2702 1078 2741 Ba
1118 2699 1134 2754 ss
1184 2704 1238 2743 28
1270 2702 1384 2741 fecit
1413 2704 1446 2741 Τ
1476 2715 1527 2742 m.
1560 2715 1628 2752 pr.
1671 2698 1687 2753 ΙΙ
1717 2699 1739 2722 '⁸‘
1771 2713 1909 2753 super

296 2758 326 2796 0
355 2755 372 2810 ΙΙ
408 2759 461 2797 29
492 2758 624 2798 uerba
654 2758 770 2799 facit
799 2758 920 2798 hunc
950 2760 1091 2799 deleuz'
1115 2755 1131 2811 ΙΙ
1161 2762 1293 2811 potes
1323 2759 1353 2797 G
1382 2761 1516 2810 putes
1547 2759 1579 2796 Τ
1609 2755 1625 2810 ΙΙ
1656 2758 1806 2810 patria
1837 2758 1865 2796 c
1894 2754 1907 2809 {j

294 2815 348 2854 29
379 2811 457 2866 an]
488 2813 605 2854 hanc
637 2814 675 2854 A
