1942 3034
159 120 203 161 p.
222 107 305 150 382
326 108 379 149 B.
523 103 852 148 EXCERPTA
882 102 1184 147 CONTROV.
1213 103 1335 146 LIB.
1356 97 1466 145 mr.
1667 99 1773 154 263

159 231 276 284 sine
321 230 402 283 ira
438 229 659 284 deorum
696 228 1008 283 debilitatur
1048 227 1309 284 sacerdos.
1386 229 1627 295 Apparet
1661 244 1775 280 non

159 318 274 354 esse
319 301 583 371 propitios
628 300 757 353 deos
802 299 1065 353 sacerdoti
1102 315 1263 367 quem
1307 314 1378 350 ne
1423 297 1624 350 seruati
1660 297 1776 366 qui-

160 371 281 424 dem
317 375 551 425 seruant.

264 440 451 495 Extra.
523 440 684 494 Hunc
744 440 982 493 colorem
1044 438 1271 492 GALLIO
1333 455 1447 491 non
1506 437 1775 506 probauit,

119 534 138 564 ε
165 530 374 565 summo
422 529 544 565 cum
587 511 795 564 honore
832 508 1040 563 Metelli
1077 509 1327 562 adserens
1365 510 1553 561 contra
1589 506 1777 560 Metel-

160 582 274 634 lum
320 580 590 651 agendum
639 581 717 633 ita
754 583 816 633 ut
862 597 923 633 co
998 583 1088 632 tur
1124 597 1245 632 cum
1292 579 1557 632 iudicibus
1595 577 1776 631 officio

159 652 480 721 pontificum
515 654 572 705 et
605 651 720 720 ipse
757 668 924 703 consu
949 668 1050 703 ere.

519 831 1222 903 <CONTROVERSIA
1258 831 1417 901 111.)

629 948 796 990 Exvl,
826 948 1069 990 RAPTAE
1101 947 1320 989 PATER.

103 1068 142 1101 ¹0
166 1057 511 1130 Inprudentis
568 1057 743 1112 caedis
807 1058 1090 1111 damnatus
1143 1057 1516 1127 quinquennio
1586 1057 1780 1110 exulet.

304 1128 482 1200 Rapta
526 1129 759 1198 raptoris
815 1131 1046 1182 mortem
1091 1132 1186 1181 aut
1241 1127 1514 1181 indotatas
1567 1127 1784 1197 nuptias

307 1204 473 1270 optet.
530 1198 668 1259 Cum
702 1199 928 1253 haberet
950 1199 1118 1251 filiam
1144 1202 1199 1252 et
1234 1198 1407 1252 filium
1445 1198 1785 1268 inprudentis

307 1270 483 1324 caedis
539 1269 823 1323 damnatus
887 1270 947 1323 in
998 1269 1220 1322 exilium
1267 1269 1417 1322 abiit.
1501 1269 1613 1322 fflia
1671 1270 1785 1322 eius

309 1359 370 1394 ra
406 1344 464 1394 ta
511 1343 620 1408 est3
677 1343 862 1410 raptor
910 1339 979 1394 ad
1031 1343 1243 1410 patrem
1289 1340 1501 1410 puellae
1549 1358 1605 1392 se
1661 1357 1786 1393 con-

307 1415 367 1465 tu
395 1412 462 1479 't3
508 1410 820 1481 impetrauit
855 1411 923 1464 ab
970 1410 1063 1464 illo
1100 1413 1163 1463 ut
1198 1410 1408 1464 iuberet
1443 1410 1613 1463 filiam
1648 1429 1786 1479 nup-

309 1482 412 1535 tias
450 1484 638 1551 optare
676 1485 731 1535 et
767 1481 1053 1551 epistolam
1090 1480 1242 1535 daret
1277 1481 1345 1534 ad
1381 1481 1568 1534 filium.
1620 1479 1788 1534 fratre

313 1554 531 1606 auctore
557 1556 784 1605 mortem
811 1552 1024 1621 optauit
1047 1552 1245 1621 puella.
1298 1554 1454 1621 pater
1476 1550 1660 1621 rediit3
1700 1551 1789 1604 ab·
1853 1558 1855 1562 '

310 1622 452 1676 dicat
488 1621 675 1675 filium.

277 1719 558 1783 Quomodo
586 1739 671 1774 me
709 1721 969 1774 excusabo
1009 1721 1337 1790 reipublicae
1376 1720 1464 1773 cui
1502 1721 1636 1774 duos
1674 1720 1793 1773 abs-

106 1808 148 1840 20
170 1791 308 1845 tuli?
369 1795 621 1845 neutrum
677 1809 797 1844 mea
856 1791 1028 1861 culpa.
1091 1791 1150 1843 in
1205 1791 1375 1844 altero
1428 1809 1514 1844 me
1569 1790 1792 1844 fortuna

171 1861 406 1931 decepit,
453 1861 512 1914 in
557 1861 726 1914 altero
772 1861 931 1915 filius.
1005 1861 1146 1914 Filia
1192 1862 1354 1914 etiam
1399 1861 1556 1914 fratri
1593 1861 1789 1930 paruit,

174 1931 315 1984 filius
375 1949 475 1985 nec
528 1931 685 2001 patri.
772 1931 877 1986 Per
935 1932 1226 1999 human08,
1289 1932 1494 2001 inquit,
1558 1949 1791 1985 errores:

171 2002 373 2072 agnoui
411 2019 594 2071 preces
631 2019 791 2056 meas.
866 2006 1020 2072 potes
1058 2002 1334 2070 omnibus,
1373 2002 1580 2071 inquid,
1620 2006 1795 2055 osten-

175 2071 313 2140 dere,
352 2071 627 2126 hominem
664 2091 826 2142 quam
861 2090 975 2127 non
1012 2073 1184 2142 possis
1223 2072 1479 2127 occidere.
1556 2071 1670 2126 Scis
1708 2091 1793 2125 me

110 2158 154 2191 ὅ
177 2143 349 2197 ciuem
375 2142 566 2196 debere
603 2143 680 2195 rei
723 2143 954 2197 ublicae:
993 2144 1097 2197 hoc
1131 2144 1378 2197 intererit
1414 2147 1612 2213 tamen,
1651 2142 1798 2213 quod

177 2211 523 2283 inprudentes
561 2214 673 2267 occi
713 2215 877 2283 imus,
925 2213 1215 2284 prudentes
1254 2214 1604 2268 seruauimus.
1679 2213 1796 2266 Ali-

176 2297 335 2353 quem
371 2283 429 2336 in
466 2284 655 2338 exsilio
693 2285 836 2338 infra
871 2284 1148 2339 fortunam
1184 2303 1359 2339 meam
1397 2284 1525 2340 uidi.
1556 2286 1575 2355 ΙΙ

282 2352 414 2407 Pars
468 2353 651 2408 altera.
712 2354 929 2425 Inrupit
982 2356 1371 2409 contumeliose
1415 2360 1693 2425 tamquam
1741 2355 1799 2408 in

179 2423 350 2476 exulis
405 2422 640 2479 domum.
713 2425 970 2480 Peruenit
1005 2426 1073 2479 ad
1108 2430 1344 2496 patrem,
1394 2444 1509 2480 non
1556 2427 1798 2496 pepercit

115 2509 158 2541 ω
181 2494 294 2546 eius
354 2492 562 2563 pudori.
636 2497 712 2548 At
756 2514 857 2567 ego
906 2498 1166 2566 querebar
1213 2497 1356 2567 quod
1412 2497 1624 2550 absenti
1671 2496 1802 2549 fecit

182 2564 448 2617 iniuriam.
525 2562 649 2618 Non
695 2584 915 2635 possum
953 2568 1022 2621 ob
1071 2568 1175 2621 hoc
1223 2567 1458 2621 abdicari
1498 2567 1642 2637 quod
1679 2567 1798 2637 lege

180 2635 383 2688 factum
423 2639 518 2687 est.
575 2633 700 2688 Non
738 2637 978 2708 potuisti,
1017 2642 1185 2708 pater,
1225 2638 1289 2692 de
1327 2638 1525 2691 iniuria
1562 2638 1799 2691 iudicare

293 2795 320 2834 6
352 2797 538 2845 rogetur
567 2792 717 2834 Sehou
781 2795 831 2835 10
862 2793 965 2835 dam
1002 2801 1139 2837 natus
1170 2798 1215 2836 Π
1236 2795 1253 2850 ΙΙ
1277 2796 1455 2849 exultet
1484 2797 1530 2835 Π
1551 2795 1567 2849 ΙΙ
1594 2798 1644 2837 13
1676 2794 1802 2835 dam-

185 2853 352 2902 pnatus
382 2846 465 2901 111
493 2847 641 2901 habiit
669 2849 715 2888 Ι
775 2848 833 2891 δε,
864 2850 937 2891 1⁸
994 2852 1051 2893 24
1080 2864 1240 2906 posses
1269 2853 1388 2893 Kb?
1417 2850 1509 2904 1127
1543 2852 1666 2893 intra
1697 2851 1742 2890 lt
