1936 3100
127 547 196 594 10

132 1178 195 1224 11

134 1751 200 1798 12

204 127 311 180 480
737 125 972 170 ANNAEI
998 125 1276 169 SENECAE
1468 126 1476 131 ‘
1596 143 1640 183 p.
1661 131 1743 172 308
1764 129 1817 172 B.

207 252 390 318 cisset,
451 268 572 303 cum
618 249 835 303 deberet
879 269 910 303 a
963 250 1076 303 filio
1123 254 1219 303 tuo
1267 251 1428 304 uinci.
1503 252 1654 304 nulla
1700 252 1817 304 laus

206 325 302 374 tua
346 321 560 373 fuisset:
609 321 943 389 apparuisset
990 321 1135 373 enim
1179 321 1328 373 illam
1375 322 1656 375 uictoriam
1704 341 1820 375 non

208 392 315 444 uiri
360 391 517 444 fortis
564 390 754 459 fuisse,
806 395 888 443 set
940 392 1124 459 patris,
1200 391 1413 446 silentio
1465 393 1693 445 uirtutes
1730 410 1819 444 ue-

209 465 350 514 strae
385 461 730 514 transissent:
777 479 922 514 nunc
959 462 1274 514 inlustratae
1312 465 1439 514 sunt
1476 463 1602 515 dum
1639 462 1819 515 confe-

210 535 419 584 runtur.
493 532 790 584 TVRRINVS
828 530 933 584 hoc
970 531 1089 585 loco
1127 532 1266 584 belle
1305 533 1462 585 dixit:
1500 533 1680 612 plures
1717 533 1819 585 tibi
1840 546 1862 578 5

209 602 451 655 inuidere
512 604 829 682 coeperunt,
900 605 1186 671 postquam
1245 603 1419 656 uictus
1483 621 1554 656 es,
1636 603 1818 671 itaque

209 673 342 725 noui
390 672 602 741 generis
647 690 731 724 res
779 672 996 725 accidit:
1035 673 1178 724 filius
1217 673 1443 740 uicerat3
1492 691 1676 726 omnes
1715 674 1819 726 aie-

209 744 369 795 bant:
411 761 442 795 o
468 742 681 794 felicem
705 744 938 810 patrem!
1011 743 1378 796 Nouissimam
1405 744 1423 813 ΙΙ
1452 744 1821 823 quaestionem

210 813 367 865 fecit:
426 831 497 865 an
544 813 753 865 etiamsi
800 813 930 881 quid
990 813 1188 866 iudicio
1248 814 1516 882 peccauit,
1579 813 1819 882 praemio

213 882 593 935 emendauerit.
669 883 790 936 Hoc
827 883 948 936 1000
987 883 1123 936 dixit
1161 883 1388 936 GALLIO
1426 884 1575 936 illam
1613 890 1823 936 senten·
1846 898 1888 930 10

213 954 347 1006 tiam
393 972 528 1022 quae
575 953 730 1006 ualde
779 957 1000 1022 excepta
1049 957 1155 1006 est:
1204 972 1326 1006 cum
1374 954 1464 1006 diu
1512 954 1825 1023 deprecatus

214 1027 367 1093 esset,
407 1024 507 1076 ait:
546 1024 592 1075 si
628 1023 768 1075 nihil
804 1027 1100 1092 profecerO,
1139 1024 1269 1092 quid
1305 1042 1390 1076 me
1427 1024 1693 1076 facturum
1730 1043 1826 1093 pu-

212 1094 335 1146 tas?
398 1094 465 1145 ad
510 1094 713 1162 templa
748 1095 951 1146 iturum
987 1097 1049 1146 ut
1087 1094 1155 1147 ad
1190 1094 1317 1147 deos
1366 1094 1699 1162 supplicem?
1760 1093 1827 1146 ad

215 1167 422 1216 statuas
458 1167 578 1216 tuas
618 1163 945 1233 confugiam.
1019 1163 1157 1217 SILO
1197 1164 1500 1217 POMPEWS
1538 1166 1827 1232 temptauit

1933 827 1936 931 ¹

215 1237 270 1286 et
305 1235 364 1285 in
400 1234 501 1286 hac
549 1235 915 1286 controuersia
951 1235 1102 1286 illam
1140 1235 1524 1307 quaestionem,
1564 1253 1727 1303 quam
1763 1235 1822 1286 in
1848 1249 1889 1282 15
1935 1234 1936 1253 ³

215 1305 464 1357 omnibus
532 1304 773 1356 uirorum
833 1304 1058 1357 fortium
1113 1293 1541 1356 abdicationibus
1602 1305 1827 1384 putabat

218 1393 332 1427 esse
352 1374 760 1458 temptandam:
800 1393 871 1426 an
907 1375 993 1427 uir
1029 1375 1187 1428 fortis
1214 1374 1449 1426 abdicari
1484 1375 1681 1444 possit3
1723 1375 1826 1426 aie—

178 1439 310 1497 bat
347 1445 415 1496 111
417 1444 581 1497 nulla
605 1445 778 1514 magis
804 1445 1174 1497 controuersia
1210 1445 1361 1497 illam
1397 1463 1554 1513 posse
1590 1416 1825 1498 tractari.

215 1514 345 1568 Non
380 1518 559 1595 potes,
598 1515 792 1595 inquit,
832 1533 953 1567 eum
992 1515 1238 1568 abdicare
1277 1515 1369 1583 qui
1405 1519 1459 1568 te
1496 1518 1676 1584 potest
1712 1515 1829 1567 uin-

218 1603 352 1638 cere.
427 1586 638 1638 miraris
677 1586 721 1638 si
757 1586 899 1654 patri
936 1585 1038 1638 hac
1076 1586 1195 1656 lege
1235 1586 1547 1638 subducitur
1585 1586 1677 1654 qui
1708 1586 1828 1654 <ei>
1853 1603 1895 1636 20

217 1659 270 1708 et
309 1659 649 1724 comparatur
686 1659 739 1709 et
775 1656 1117 1724 praefertur?

327 1739 575 1793 Colorem
612 1758 710 1809 pro
750 1740 1089 1793 adulescente
1130 1741 1359 1794 GALLIO
1406 1740 1561 1792 illum
1597 1739 1831 1792 induxit:

220 1811 758 1880 <circumsteterunt>
795 1829 897 1879 me,
936 1811 1130 1879 inquit,
1170 1812 1419 1864 iuuenes:
1460 1811 1649 1863 aetatis
1677 1828 1835 1862 causa

220 1881 311 1950 agi
347 1881 642 1934 uidebatur.
698 1899 818 1934 cum
845 1881 1146 1934 dubitarem
1181 1882 1431 1934 exaudiui
1467 1881 1648 1933 nescio
1675 1898 1835 1949 quem

220 1951 508 2004 dicentem:
555 1951 695 2003 nihil
731 1952 871 2021 agis3
922 1969 1023 2020 ego
1061 1952 1162 2004 tibi
1202 1952 1357 2021 cedo,
1404 1952 1486 2003 illi
1533 1968 1649 2004 non
1686 1951 1832 2005 ced0.
1857 1951 1898 1985 25

222 2020 470 2076 CESTIVS
509 2021 613 2075 hoc
639 2022 818 2075 colore
859 2040 986 2074 usus
1013 2025 1121 2075 0313·
1159 2026 1374 2091 putasse
1402 2040 1516 2075 sese
1554 2021 1658 2090 ipsi
1693 2020 1834 2089 patri

219 2092 498 2172 honestius
545 2092 649 2145 hoc
696 2110 837 2160 esse,
886 2095 1028 2144 certe
1082 2093 1290 2160 domui,
1337 2092 1519 2144 laudes
1556 2091 1833 2158 utriusque

219 2162 278 2214 in
332 2162 452 2215 foro
508 2163 718 2231 inspici.
792 2162 1124 2216 MONTANVS
1174 2163 1479 2215 VOTIENVS
1537 2162 1634 2214 ait:
1692 2160 1835 2229 cogi-

363 2362 388 2399 2
419 2373 506 2401 cua
535 2361 568 2399 B
610 2358 625 2411 ΙΙ
663 2360 958 2412 apparuisset
987 2360 1051 2400 bis
1081 2362 1286 2412 seriptum
1316 2361 1349 2399 B
1379 2357 1395 2412 ΙΙ
1433 2362 1458 2401 3
1489 2359 1659 2400 fuisset
1689 2358 1839 2410 patris

221 2418 251 2455 0
277 2414 293 2469 ΙΙ
331 2416 564 2457 silentium
595 2416 626 2454 0
661 2413 677 2469 ΙΙ
705 2419 733 2457 4
753 2420 863 2457 tunc
893 2418 921 2455 G
949 2414 965 2469 ΙΙ
999 2415 1249 2457 inlustrata
1281 2429 1330 2456 03
1361 2418 1393 2455 Τ
1416 2414 1431 2470 ΙΙ
1459 2417 1485 2456 6
1515 2418 1584 2456 est
1613 2416 1642 2453 G
1669 2412 1685 2467 ΙΙ
1716 2416 1739 2455 7
1771 2415 1841 2454 ui-

224 2477 351 2513 ceret
387 2473 425 2512 A
473 2473 651 2513 uicerat
691 2477 737 2513 et
774 2472 905 2513 Burs,
942 2471 957 2525 ss
1000 2474 1051 2513 12
1090 2473 1273 2526 profero
1314 2474 1415 2512 GTa
1463 2470 1479 2525 ΙΙ
1530 2474 1583 2512 13
1620 2470 1840 2523 templum

221 2529 299 2568 BT
336 2527 351 2582 ΙΙ
387 2526 409 2549 *
431 2532 513 2569 aut
545 2528 603 2569 ad
633 2528 663 2567 0
699 2526 715 2582 ΙΙ
753 2530 804 2568 14
837 2529 1072 2569 aditatuas
1100 2534 1207 2570 tuas
1237 2530 1275 2568 A
1306 2528 1489 2568 adituas
1520 2531 1650 2568 stuas
1681 2529 1714 2566 T
1746 2526 1841 2566 adi-

222 2588 380 2626 tatuas
410 2586 443 2624 13
480 2582 496 2638 ΙΙ
534 2585 586 2625 15
619 2586 936 2627 connouersia
976 2585 1057 2626 illa
1089 2584 1482 2626 controuersiailla
1511 2585 1545 2623 B
1586 2581 1602 2636 ΙΙ
1644 2584 1696 2623 17
1727 2585 1839 2623 tem-

223 2642 445 2693 ptandum
474 2643 512 2680 A
561 2639 577 2694 ΙΙ
615 2654 675 2681 an
703 2642 784 2681 ubi
815 2644 878 2681 Ta
926 2639 943 2694 ΙΙ
996 2643 1048 2682 19
1079 2645 1235 2694 potest
1263 2641 1414 2692 inquit
1441 2642 1480 2680 A
1529 2637 1545 2692 ΙΙ
1595 2641 1649 2680 20
1685 2638 1840 2691 patria

222 2699 326 2750 lege
357 2700 390 2737 T
430 2695 446 2750 ΙΙ
488 2710 580 2750 qua
611 2703 656 2738 et
687 2698 737 2748 0,
770 2710 882 2741 cor-r.
917 2697 964 2738 O.
996 2698 1109 2738 Jalm
1149 2696 1165 2750 ΙΙ
1206 2699 1259 2737 22
1291 2697 1419 2737 duxit
1449 2698 1478 2735 C
1509 2696 1625 2735 dixit
1656 2697 1688 2734 Τ
1729 2693 1745 2747 ΙΙ
1785 2696 1840 2735 23

225 2757 630 2794 circumsteterunt
675 2730 771 2795 aeid.
807 2754 940 2794 Burs.
982 2751 999 2807 11
1049 2756 1104 2795 24
1145 2754 1362 2794 dubitare
1403 2752 1617 2793 exordine
1657 2751 1754 2791 scio
1794 2750 1838 2797 0,

222 2824 339 2854 corr.
374 2809 504 2851 Burs.
541 2808 557 2862 ΙΙ
593 2811 646 2851 25
681 2811 757 2863 agi
788 2810 818 2849 0
854 2808 870 2862 ΙΙ
907 2811 1014 2851 crdo
1045 2811 1083 2850 A
1119 2808 1136 2863 ΙΙ
1171 2811 1225 2850 26
1257 2822 1304 2850 30
1335 2810 1367 2848 Τ
1403 2807 1419 2861 ΙΙ
1460 2810 1512 2849 27
1545 2807 1660 2848 certi
1691 2808 1792 2845 0Το
1826 2803 1841 2858 Η
1924 2799 1926 2802 ’

223 2867 277 2907 28
309 2879 513 2907 uouenus
544 2867 581 2905 A
