1936 3100
188 116 295 170 394
322 177 329 179 b
705 115 936 159 ANNAEI
967 114 1246 159 SENECAE
1589 132 1631 172 p.
1648 120 1730 160 246
1747 119 1799 164 Β.

189 241 350 294 dam?
396 241 518 310 plus
557 258 717 309 quam
741 240 1056 308 praestitisti
1081 241 1275 310 exigis:
1314 259 1412 309 pro
1451 260 1658 295 carcere
1698 244 1803 296 exi-

189 312 336 364 lium.
399 329 513 364 non
551 310 828 363 occidam?
882 311 1004 379 plus
1043 329 1203 380 quam
1252 312 1568 379 praestitisti
1606 313 1800 382 exigis:

187 401 357 434 unum
402 381 722 434 beneficium
760 380 978 450 dedisti,
1018 381 1122 434 duo
1165 383 1318 450 petiS.
1397 381 1656 453 [Vterque
1694 401 1802 435 ma-

189 469 359 522 gnum
395 452 714 504 beneficium
751 449 970 503 dedistis
999 455 1052 504 et
1089 453 1269 505 statim
1309 451 1435 504 dum
1473 452 1625 522 datiS,
1663 468 1801 506 rec'e-

187 523 370 591 pistis:
428 522 620 575 Cimon
677 520 820 590 quod
880 520 1179 575 Miltiadem
1234 522 1481 591 redemit,
1539 526 1599 575 tu
1658 523 1802 592 quod
1825 537 1845 571 5

190 591 507 664 Cimonem.]
583 591 884 645 Videbatur
930 592 1065 644 mihi
1111 593 1287 645 omnis
1340 594 1603 646 maiorum
1660 611 1801 646 meo-

188 682 307 715 rum
354 664 494 715 circa
547 680 631 714 me
680 662 839 715 turba
893 663 1119 715 fremere
1169 663 1485 716 dicentium:
1535 664 1628 716 ubi
1677 667 1803 716 sunt

186 734 311 786 illae
349 752 539 786 manus
578 751 713 802 quae
751 733 958 786 soluere
997 733 1336 786 Miltiadem?
1380 733 1508 787 Non
1547 734 1680 786 mihi
1719 752 1802 787 oc-

188 804 355 856 currit
399 804 738 873 indulgentia
793 805 999 873 uxoris,
1059 822 1172 857 non
1221 803 1414 857 Callias
1463 822 1635 873 socer,
1690 822 1804 857 non

187 874 350 926 ullius
377 877 470 927 aut
506 875 583 927 rei
621 878 715 927 aut
739 874 964 927 benefici
1002 875 1284 944 memoria3
1324 874 1428 927 feci
1456 874 1598 943 quod
1636 874 1798 943 sole0,
1824 888 1864 920 10

130 947 161 994 5
187 944 326 997 nihil
372 945 516 997 aliud
564 945 774 1013 respexi
812 963 971 1013 quam
1016 949 1238 1014 patrem.
1314 944 1642 998 MENTONIS.
1704 944 1801 998 Oo-

191 1015 304 1085 gita
341 1015 610 1068 adulteros
638 1033 750 1067 esse
787 1033 885 1083 pro
913 1015 1105 1084 quibus
1142 1032 1316 1085 rogaS,
1356 1016 1534 1085 cogita
1561 1016 1800 1084 qualium

187 1085 428 1138 misereri
465 1086 662 1138 soleas:
703 1088 858 1153 turpe
897 1088 977 1137 est
1014 1091 1078 1138 ab
1117 1086 1303 1138 eodem
1330 1086 1527 1138 dimitti
1566 1090 1619 1138 et
1655 1085 1800 1138 adul-

187 1159 331 1208 teros
370 1159 424 1208 et
451 1155 746 1209 Cimonem.
795 1155 914 1224 Ego
954 1174 1071 1208 sum
1098 1157 1189 1225 qui
1226 1156 1424 1208 referre
1463 1156 1694 1226 gratiam
1729 1173 1798 1207 ne

188 1227 415 1278 mortuis
455 1226 670 1294 quidem
707 1225 917 1278 desino:
956 1226 1033 1278 ita
1068 1226 1202 1278 mihi
1239 1245 1396 1279 ueros
1433 1226 1629 1279 habere
1667 1226 1797 1278 libe·
1820 1242 1860 1274 15

186 1313 275 1349 ros
313 1298 619 1365 contingat,
660 1295 803 1364 quod
842 1299 1103 1364 quantum
1141 1300 1278 1349 esset
1311 1296 1580 1349 Miltiades
1619 1314 1800 1365 exper-

128 1370 159 1418 6
185 1369 273 1419 tus
312 1370 406 1419 est.
481 1366 666 1419 PORCI
693 1366 1005 1420 LATRONIS.
1045 1366 1166 1436 Ego
1205 1367 1473 1419 adulteros
1501 1366 1800 1418 dimittam?

188 1438 338 1490 ardet
374 1437 664 1505 cupiditate
702 1437 971 1489 uindictae
1011 1437 1236 1490 animus
1300 1436 1412 1489 Has
1449 1455 1639 1489 manus
1677 1454 1802 1489 con-

187 1507 359 1560 tinere
396 1526 510 1560 non
546 1510 727 1576 posset
763 1507 1032 1560 Miltiades
1073 1526 1203 1576 quas
1241 1507 1462 1577 alligare
1499 1507 1691 1576 potuit.
1743 1505 1801 1559 Si

186 1577 245 1630 in
299 1578 400 1630 hoc
457 1578 690 1646 soluisti,
747 1578 906 1630 redde
962 1596 1046 1630 me
1102 1579 1315 1631 carceri.
1388 1577 1486 1630 Ille
1545 1577 1798 1630 Graeciae
1824 1598 1864 1631 20

188 1651 430 1701 seruator
478 1652 530 1701 et
575 1648 773 1701 uindex
823 1649 1108 1701 Persarum
1168 1649 1494 1716 orientisque
1553 1648 1799 1716 domitor,

189 1720 274 1772 cui
311 1719 471 1772 modo
497 1722 609 1771 tam
634 1719 903 1788 insignem
940 1719 1274 1787 triumphum
1310 1718 1531 1771 fortuna
1557 1718 1620 1770 de
1646 1717 1799 1770 hoste

189 1789 477 1859 detulerat,
518 1790 799 1842 damnatus
838 1793 919 1842 est
953 1790 1254 1858 peculatus,
1295 1790 1363 1842 ob
1411 1789 1515 1841 hoc
1552 1787 1802 1840 uidelicet

188 1861 390 1929 ipsum,
428 1863 490 1912 ut
525 1860 833 1913 innocentia
871 1860 983 1913 eius
1023 1878 1158 1929 quae
1204 1860 1407 1928 alioqui
1444 1859 1608 1911 latere
1646 1860 1801 1927 potu-

188 1934 327 1998 erat,
375 1931 492 1999 ipsa
541 1930 884 1983 damnatione
933 1931 1315 1984 ostenderetur.
1392 1929 1673 1982 damnatus
1721 1931 1801 1981 est
1822 1948 1864 1981 25

186 2002 462 2054 innocens,
520 2002 638 2069 quis
676 2002 734 2054 in
772 2001 987 2054 ciuitate
1026 2002 1326 2054 misericors
1366 2000 1486 2053 est?
1534 2017 1678 2051 nunc
1717 2016 1800 2051 oc-

188 2072 330 2125 casio
368 2072 762 2124 misericordiae
801 2072 976 2124 uenit:
1016 2071 1285 2124 Miltiades
1323 2069 1676 2138 redimenfldus
1703 2071 1797 2120 est.

188 2141 410 2194 Redemi
459 2160 652 2210 corpus
699 2145 879 2211 tuum,
927 2142 1194 2211 Miltiade,
1241 2159 1309 2193 ne
1356 2141 1534 2192 funeri
1586 2139 1799 2207 quidem

189 2212 559 2280 interfuturUS,
599 2213 657 2264 in
695 2212 839 2280 quod
876 2230 960 2264 me
998 2212 1175 2280 ipsum
1211 2210 1574 2279 inpenderam.
1643 2209 1800 2260 Mise-
1934 2267 1936 2272 ¹

188 2300 310 2334 reor
347 2283 670 2335 accusatoris
707 2283 840 2351 mei,
891 2300 1004 2334 non
1043 2282 1168 2350 quia
1202 2280 1436 2350 perdidit
1469 2280 1660 2348 filiam,
1708 2279 1800 2331 sed
1823 2298 1864 2331 30
1930 2299 1936 2327 τ

300 2483 410 2523 3-6
440 2483 591 2522 seclus.
612 2482 780 2532 Haase,
802 2482 916 2522 Kon.
942 2480 1006 2535 114
1035 2481 1203 2522 dedisti
1235 2483 1395 2522 statim
1425 2480 1528 2520 dum
1559 2480 1596 2519 A
1628 2477 1800 2519 dedieti

187 2538 346 2579 statim
385 2538 490 2578 dum
526 2537 559 2576 B
606 2537 816 2579 dedistis.
867 2538 1126 2579 Tantfidem
1164 2539 1196 2577 T
1237 2536 1251 2591 ΙΙ
1293 2537 1522 2590 recipistis
1555 2536 1585 2574 0
1626 2533 1641 2588 ΙΙ
1683 2536 1708 2575 6
1739 2534 1802 2574 ci-

189 2639 368 2677 monest
397 2637 435 2675 A
463 2633 479 2688 ΙΙ
515 2607 748 2688 ωειςοϊξῐη
778 2637 811 2676 Β
842 2634 857 2688 ΙΙ
896 2638 947 2677 10
979 2636 1151 2677 nullius
1182 2637 1210 2675 G
1238 2633 1254 2688 ΙΙ
1287 2636 1337 2675 16
1370 2634 1615 2687 contingut
1643 2632 1680 2671 A
1702 2630 1717 2684 ΙΙ
1750 2633 1802 2672 18
1916 2664 1936 2699 'a

191 2693 334 2732 animi
365 2694 427 2732 Ta
467 2690 482 2745 ΙΙ
516 2693 802 2733 continerem
834 2693 867 2732 B
909 2690 924 2745 ΙΙ
957 2695 1010 2733 20
1041 2692 1066 2718 *
1089 2692 1263 2733 solutus
1295 2693 1324 2730 0
1361 2691 1536 2732 solutus
1568 2701 1666 2729 sum
1698 2688 1758 2727 Tb
1788 2685 1802 2740 Η
1920 2689 1936 2739 ᾖ

191 2761 378 2789 carcere
409 2749 473 2788 Ba
494 2746 509 2801 ΙΙ
552 2751 604 2789 22
635 2748 814 2789 fortunii
845 2751 907 2788 'ra
938 2747 953 2802 ΙΙ
995 2751 1048 2790 23
1081 2749 1138 2789 ab
1168 2748 1257 2789 hoc
1286 2749 1320 2788 B
1350 2745 1365 2800 ΙΙ
1407 2749 1463 2788 24
1493 2744 1804 2786 innocentiam
1885 2759 1888 2761 >
1919 2744 1936 2797 {l

190 2805 220 2843 0
243 2803 258 2857 ΙΙ
280 2805 353 2901 26(1
366 2806 607 2900 ciuitAatem
638 2805 668 2843 0
690 2803 705 2858 ΙΙ
728 2807 780 2846 27
814 2805 997 2846 inuenit
1029 2807 1148 2855 c'ra,
1178 2806 1288 2845 unde
1321 2804 1613 2844 occasionem
1635 2800 1765 2845 Burs.
1787 2796 1801 2851 ΙΙ

189 2862 243 2901 28
274 2874 322 2901 re
356 2862 437 2901 imi
499 2873 526 2900 a
