1936 3100
140 67 289 161 ’ωας
304 105 360 152 Β.
396 71 1028 149 ’ὸοΝΤΒὸνΕΒεῐΑΒνΜ
1050 70 1350 150 ιῐΒζνιιΠζ
1374 106 1403 148 6
1423 88 1533 160 (29).
1658 102 1764 156 441

150 232 355 301 inquit,
408 231 623 285 conscia
669 234 796 284 est'.
870 229 993 284 Hoc
1046 229 1297 283 ultimum
1344 229 1450 283 fuit
1501 247 1768 284 nouercae

149 301 490 356 ueneficium.
541 299 603 364 Q.
629 299 881 354 HATERL
922 299 1242 368 Succurrite,
1281 318 1497 369 quaeso,
1535 319 1604 354 ne
1643 318 1768 355 cum

150 375 296 426 torta
341 373 412 426 sit
460 372 588 441 quia
634 371 805 424 filium
853 389 1032 424 meum
1081 371 1349 424 occiderat
1393 370 1560 423 filiam
1606 372 1768 424 etiam

153 443 280 495 dum
345 446 630 511 torquetur
691 442 960 495 occiderit.
1052 441 1251 495 liberos
1321 441 1482 494 effero
1557 459 1768 510 semper

109 534 130 567 5
153 514 312 566 unius
349 512 589 565 mulieris
626 516 721 564 aut
756 512 1036 565 mendacio
1074 515 1168 565 aut
1206 529 1434 565 ueneno.
1497 511 1629 565 Non
1674 512 1768 564 flet

152 588 416 653 quantum
464 601 585 635 reae
632 583 761 635 satis
809 587 904 635 est.
969 582 1419 651 quemadmodum
1465 582 1547 635 illi
1593 586 1768 635 extor-

150 654 327 723 quebo
388 653 678 706 lacrimas?
740 653 946 706 adferte
1007 653 1142 706 mihi
1204 653 1499 723 imaginem
1558 652 1766 706 fratris:

149 724 330 777 uidete
377 724 555 776 subito
608 723 869 777 desiderio
917 725 1073 777 fletus
1132 724 1456 777 concitatos:
1504 723 1769 792 numquid

151 796 321 848 talem
355 795 565 847 uultum
605 813 726 847 cum
764 799 934 847 mater
971 799 1314 864 torqueretur
1350 793 1586 847 habuit?

90 902 130 933 10
263 878 398 931 Pars
435 879 619 932 altera.
668 879 896 932 TRIARI.
947 878 1004 933 Si
1044 879 1338 932 odissemus
1374 883 1428 932 te
1465 883 1773 948 pateremur
1799 886 1830 933 9

154 968 277 1002 cum
315 949 577 1002 eiusmodi
615 949 726 1002 filia
764 951 963 1002 uiuere.
1029 949 1375 1012 Quarundam
1412 950 1648 1002 ferarum
1687 967 1770 1002 ca-

153 1019 257 1072 tuli
295 1038 416 1073 cum
437 1072 441 1074 ,
464 1020 612 1072 rabie
659 1024 980 1086 nascuntur3
1033 1039 1244 1073 uenena
1281 1021 1463 1073 statim
1500 1019 1769 1074 radicibus

152 1090 411 1159 pestifera
448 1094 590 1143 sunt.
627 1089 646 1159 11
685 1095 949 1159 quantum
987 1091 1070 1143 illi
1108 1091 1175 1143 ad
1213 1091 1414 1144 scelera
1451 1091 1644 1144 aetatis
1682 1090 1770 1143 ad-

152 1161 278 1213 iecit
325 1160 469 1229 quod
515 1160 664 1213 illam
708 1179 944 1214 nouerca
990 1162 1240 1230 peperit?
1315 1160 1455 1223 Quid
1501 1161 1596 1214 illa
1633 1179 1770 1230 quae

90 1251 132 1283 15
154 1230 378 1284 fratrem
423 1231 482 1284 in
519 1249 726 1284 moram
774 1234 1047 1301 sequentis
1093 1233 1263 1301 patris
1312 1233 1548 1302 sparsit?
1603 1231 1770 1285 habes

152 1302 456 1370 exemplum
494 1301 638 1370 quod
676 1306 730 1355 et
767 1303 939 1355 sorori
979 1303 1268 1356 conueniat
1305 1308 1359 1356 et
1395 1303 1617 1373 uirgini.

260 1385 516 1439 DIVISIO.
580 1385 828 1439 CESTIVS
884 1387 942 1439 in
991 1387 1122 1440 duas
1178 1391 1357 1456 partes
1405 1388 1771 1441 coniecturam
1789 1398 1858 1447 10
1908 1438 1928 1453 ,

154 1456 342 1509 diuisit
378 1461 433 1510 et
477 1456 712 1526 primum
751 1458 996 1526 quaesiit,
1036 1477 1106 1510 an
1143 1458 1224 1511 illi
1263 1459 1481 1512 conscia
1518 1477 1654 1527 opus
1690 1457 1772 1510 fu-

154 1527 283 1595 erit3
323 1526 539 1580 deinde:
580 1528 625 1580 si
664 1546 799 1596 opus
826 1532 906 1581 est
943 1532 1037 1581 aut
1060 1529 1180 1597 fuit,
1220 1548 1290 1582 an
1326 1530 1467 1582 hanc
1504 1529 1770 1582 habuerit.

90 1595 285 1650 20Non
336 1598 576 1651 seruauit
622 1602 802 1651 autem
848 1598 1095 1668 modum3
1145 1618 1272 1652 nam
1311 1603 1365 1653 et
1400 1600 1554 1652 illum
1591 1600 1772 1653 locum

154 1667 246 1719 diu
283 1669 562 1721 tractauit:
601 1686 715 1721 non
751 1687 908 1738 posse
948 1688 1186 1723 sororem
1225 1671 1283 1723 in
1320 1674 1550 1724 mortem
1587 1669 1772 1723 fratris

154 1738 228 1790 im
270 1738 386 1807 elli,
435 1743 490 1792 et
535 1739 753 1791 interim
802 1744 913 1793 tam
968 1741 1205 1809 puellam
1251 1742 1429 1795 uoluit
1482 1741 1655 1794 uideri
1711 1744 1773 1793 ut

152 1826 190 1861 n
251 1809 291 1861 li
329 1814 469 1862 esset
514 1810 707 1862 idonea
755 1811 1072 1865 ministerio,
1147 1811 1335 1881 Itaque
1375 1812 1771 1882 elegantissime

158 1878 434 1932 deridebat
459 1879 791 1934 MONTANVS
818 1881 1126 1936 VOTIENVS
1165 1883 1223 1935 in
1261 1883 1363 1936 hac
1401 1882 1772 1936 controuersia

90 1969 134 2002 25
156 1950 388 2019 ineptias
426 1950 732 2019 rhetorum,
781 1952 924 2020 quod
964 1953 1041 2006 sic
1088 1952 1450 2006 declamarent
1493 1957 1772 2023 tamquam

152 2020 286 2073 haec
324 2038 461 2089 quae
508 2022 790 2075 nominata
828 2027 909 2076 est
954 2023 1136 2076 infans
1174 2028 1313 2077 esset
1358 2042 1458 2077 nec
1495 2024 1772 2094 intellege—

151 2095 291 2159 rent,
329 2091 374 2143 si
411 2091 535 2145 talis
563 2096 702 2145 esset
737 2111 806 2146 ne
844 2093 1082 2147 futuram
1109 2094 1324 2162 quidem
1361 2113 1523 2148 ream.
1581 2094 1772 2175 Itaque

155 2161 262 2214 hoc
289 2161 558 2231 debemm,
598 2163 790 2232 inquit,
830 2164 987 2217 nobis
1013 2183 1342 2233 proponere:
1382 2165 1618 2234 puellam
1657 2183 1771 2218 elus

157 2232 349 2285 aetatis
375 2232 431 2285 in
458 2251 564 2302 qua
591 2239 671 2287 est
696 2234 923 2287 fortasse
951 2234 1203 2288 credibile
1244 2236 1431 2292 scelus,
1490 2235 1630 2289 Illud
1657 2237 1771 2305 qui-

288 2446 315 2487 2
347 2458 464 2500 qnae
497 2449 531 2489 Β
580 2460 622 2501 q;
654 2448 690 2488 Δ
727 2446 743 2500 11
781 2449 919 2516 cred?
952 2462 1123 2504 quaeso
1155 2452 1187 2491 Τ
1223 2449 1239 2504 11
1285 2453 1310 2493 3
1344 2448 1370 2476 *
1392 2451 1469 2505 qui
1500 2453 1602 2492 c‘ra
1647 2463 1768 2503 quae

153 2516 215 2555 'rb
257 2515 274 2567 11
310 2517 335 2556 4
370 2528 470 2557 cum
500 2517 539 2556 Δ
578 2516 594 2570 11
639 2520 691 2560 10
723 2519 888 2561 triaria
918 2520 949 2559 0
989 2519 1005 2573 11
1050 2523 1101 2562 12
1131 2534 1339 2563 uenenas
1370 2523 1467 2562 C'l'a
1507 2521 1523 2575 11
1564 2522 1611 2562 ἰη
1642 2520 1768 2562 radi·

154 2571 284 2613 cibus
316 2571 449 2613 Bm.
492 2571 509 2625 11
553 2575 604 2615 13
646 2579 780 2616 aetas
813 2575 987 2619 adiciet
1017 2576 1175 2618 Schult.
1219 2577 1234 2631 11
1279 2579 1330 2619 14
1370 2581 1569 2619 nouerca
1606 2579 1707 2618 cra
1756 2576 1770 2631 Ι1

158 2630 211 2670 15
242 2629 449 2682 sequenti
482 2632 515 2670 '1⁸
550 2628 728 2727 usam
761 2631 806 2676 0.
837 2646 952 2674 corr.
987 2633 1023 2673 E
1057 2630 1076 2687 11
1120 2635 1171 2675 18
1204 2635 1288 2688 q;si
1320 2635 1389 2675 ita
1428 2634 1542 2675 nulli
1579 2632 1683 2688 [nili
1713 2632 1767 2688 B]

155 2683 295 2736 οΤι11
320 2687 370 2726 19
402 2687 441 2726 οὶ
475 2686 581 2728 dein
619 2699 643 2727 e
675 2688 713 2728 si
745 2686 886 2740 01122
920 2694 968 2731 et
999 2691 1163 2732 iterum
1195 2692 1296 2731 ch
1328 2692 1511 2733 Etenim
1544 2694 1621 2742 Ta,
1652 2703 1767 2732 cor-r.

155 2740 204 2786 0,
239 2741 350 2782 Ialm
386 2741 402 2794 Η
441 2743 496 2782 26
529 2743 718 2784 conscia
748 2746 987 2786 nominata
1019 2745 1152 2787 Burs.
1182 2745 1198 2799 11
1234 2749 1288 2789 27
1322 2747 1445 2789 tales
1477 2751 1635 2789 essent
1664 2748 1727 2787 ’ra
1758 2746 1771 2800 11

156 2798 314 2839 futura
345 2801 373 2838 0
395 2798 411 2852 11
434 2801 489 2840 28
522 2798 680 2840 demus
713 2802 814 2840 Οτι
834 2799 851 2853 11
873 2803 927 2843 29
958 2805 979 2827 ⁸
1001 2806 1048 2843 et
1078 2806 1200 2844 torta
1233 2803 1287 2855 0,
1318 2817 1432 2846 corr.
1450 2817 1542 2857 eqo,
1567 2804 1621 2844 N.
1644 2802 1771 2845 Mad·
1811 2796 1823 2803 ’

155 2856 223 2909 de
254 2859 329 2896 ent
349 2861 474 2900 certe
517 2854 588 2897 W.
613 2857 775 2900 multer
796 2855 812 2910 11
834 2858 966 2900 uerba
998 2857 1147 2900 scelus
1180 2891 1189 2901 .
1215 2891 1223 2900 .
1251 2890 1261 2901 .
1294 2858 1592 2902 intolerabile
1625 2873 1702 2902 om.
1734 2860 1772 2900 Δ

600 40 603 41 ⁷
639 35 645 44 ,,
703 0 1202 44 ,Ψτπθ,’·;ῆ·π,ῑ*τῑᾟ
1221 0 1698 43 vrrs-remprsvffffs·
1736 0 1936 30 -υ
