1936 3100
166 162 273 215 445
691 161 922 203 ANNAm
950 159 1230 204 SENECAE
1567 172 1612 215 p.
1625 161 1708 203 289
1725 161 1779 201 13.

85 301 154 351 20
279 285 478 340 Omnes
525 285 619 339 illo
658 286 838 339 colore
876 286 959 337 usi
997 287 1148 353 sunt,
1194 301 1227 336 a
1261 301 1497 337 nouerca
1533 284 1778 337 nomina-

167 361 280 410 tam
315 357 482 409 filiam
520 357 579 409 in
617 356 856 410 dolorem
893 355 1078 423 patris,
1155 353 1384 406 GALLIO
1423 354 1578 422 plura
1616 354 1775 407 dixit:

166 429 421 496 fortasse,
461 428 663 495 inquit,
712 427 852 478 hanc
890 425 1195 478 nominauit
1230 428 1291 477 ut
1339 441 1494 477 ueros
1533 425 1775 477 conscios

167 498 362 551 celaret
372 539 387 566 ,
426 498 654 551 fortasse
691 500 776 564 ut,
816 497 941 564 quia
978 513 1249 548 acerrume
1296 495 1532 547 instabat
1569 512 1780 547 accusa·

165 572 280 636 tor,
333 569 437 621 hoc
483 570 630 620 me'cu
680 567 898 619 territus
944 567 1107 618 finem
1155 565 1437 618 tormentis
1475 565 1774 633 inponeret,
1801 577 1823 609 5

165 639 391 691 fortasse
446 641 499 690 et
551 638 720 690 nimio
777 636 959 689 dolore
1019 639 1412 688 ’normentorum
1478 635 1780 703 stupefacta

164 709 359 762 nesciit
398 708 527 776 quid
574 707 899 776 loqueretur.
974 705 1299 759 Nouissume
1349 706 1507 758 dixit:
1547 706 1773 758 fortasse

165 781 223 831 in
260 779 387 847 hoc,
435 782 496 831 ut
534 796 669 846 quae
708 795 909 846 poenas
958 777 1184 829 uenefici
1222 775 1383 828 dabat
1421 776 1776 828 accusationis

166 849 417 919 exigeret.
491 848 653 901 Illum
699 866 913 900 sensum
963 846 1181 900 adiecit:
1239 864 1301 898 ex
1357 846 1488 897 meis
1535 846 1638 898 hoc
1689 846 1776 897 ad—

163 920 391 972 fectibus
429 919 680 972 aestimo:
718 922 849 971 tunc
887 935 1007 970 cum
1036 917 1052 986 ΙΙ
1081 918 1176 985 ira,
1216 934 1336 969 cum
1375 916 1497 968 odio
1536 916 1768 969 furerem
1795 928 1835 959 10

164 990 656 1058 circumspiciebam
704 989 878 1041 omnis
926 988 1149 1040 ultionis
1196 987 1311 1039 uias
1361 986 1561 1039 oblitus
1620 987 1773 1038 inno—

164 1061 398 1128 centiae3
448 1060 492 1111 si
527 1060 777 1128 proprios
822 1058 1099 1110 habuisset
1144 1057 1284 1110 filios
1322 1074 1584 1125 nouerca,
1636 1059 1775 1109 occi-

163 1131 374 1183 dissem.
438 1130 496 1182 in
527 1130 689 1182 'hanc
743 1129 914 1196 ipsam
971 1128 1220 1196 quotiens
1275 1127 1537 1195 impetum
1597 1126 1772 1179 facere

163 1201 338 1254 uolui!
378 1203 459 1252 set
494 1204 715 1268 propter
740 1199 844 1252 hoc
882 1217 913 1250 a
938 1216 1022 1250 me
1066 1201 1183 1250 tuta
1209 1201 1323 1250 erat
1348 1196 1491 1265 quod
1529 1215 1561 1250 a
1598 1201 1769 1248 matre

165 1289 278 1325 non
316 1274 445 1323 erat.
495 1271 508 1340 Η
1800 1278 1839 1310 15

277 1431 297 1467 1
330 1429 547 1468 nomitam
580 1427 655 1465 CV
685 1424 701 1478 u
737 1427 762 1465 2
794 1424 950 1466 dolore
984 1425 1062 1464 TV
1097 1422 1112 1476 ΙΙ
1147 1426 1175 1463 4
1207 1422 1410 1463 caelaret
1441 1423 1516 1462 CV
1547 1421 1563 1475 ΙΙ
1600 1423 1774 1463 istabat

162 1484 270 1524 ‘rav
307 1485 483 1524 istauat
514 1484 542 1521 C
582 1481 598 1535 ΙΙ
634 1483 659 1522 6
693 1481 771 1522 eni
802 1482 847 1521 iu
879 1482 912 1520 B
953 1482 1072 1521 enim
1104 1483 1148 1520 in
1181 1479 1329 1530 Amr,
1372 1492 1487 1523 corr,
1520 1479 1650 1520 Burs.
1690 1478 1707 1532 ΙΙ
1750 1481 1773 1519 7

158 1539 370 1592 loquer-et
401 1541 437 1579 A
466 1539 482 1592 ss
517 1539 722 1579 fiuisume
755 1540 782 1577 C
822 1538 1046 1578 nouisime
1078 1538 1114 1576 V
1150 1534 1165 1589 ΙΙ
1201 1538 1226 1577 9
1259 1535 1468 1588 exigerat
1499 1536 1647 1575 crav
1668 1534 1684 1588 ΙΙ
1724 1538 1775 1576 10

162 1601 339 1637 estnmo
379 1596 461 1635 Av
510 1595 526 1649 ΙΙ
580 1595 730 1635 furere
763 1594 872 1633 AVa
918 1595 1070 1634 furore
1102 1593 1208 1632 BVb
1248 1591 1375 1632 fuere
1407 1594 1468 1631 'ra
1518 1590 1534 1644 ΙΙ
1587 1594 1638 1632 12
1672 1605 1774 1645 pro-

159 1654 282 1705 prior
312 1655 341 1692 c
381 1651 397 1706 ΙΙ
449 1652 712 1692 occisissem
744 1653 772 1690 C
808 1650 823 1703 ΙΙ
868 1653 918 1690 14
948 1650 1174 1691 uoluisset
1204 1649 1234 1687 0
1270 1647 1285 1700 ΙΙ
1327 1653 1453 1688 metu
1485 1649 1554 1688 ita
1586 1650 1615 1688 C
1653 1647 1668 1701 ΙΙ
1720 1648 1774 1688 In

154 1711 266 1761 fine:
318 1710 372 1749 L.
411 1708 599 1749 ANNEI
650 1706 926 1748 SENECAE
975 1704 1450 1748 SENTENTIARVM
1497 1703 1773 1746 COLORES

160 1765 527 1813 RETHORVM;
579 1763 765 1804 LIBER
812 1771 899 1808 ·Ῑῑ·
947 1761 1236 1804 EXPLICIT
1269 1780 1278 1790 ·
1307 1759 1538 1802 INCIPIT
1587 1760 1774 1801 LIBER

163 1821 291 1866 ·1LI·
324 1821 657 1862 FELICITER
688 1820 766 1859 Bv
806 1820 822 1873 ΙΙ
866 1822 932 1861 L·
954 1819 1160 1861 ANNEL
1203 1816 1482 1859 SENECAE
1516 1815 1774 1859 SENTEN-

161 1879 319 1933 TARV
357 1890 640 1931 conossns
691 1890 1008 1939 RETHossx3
1059 1887 1243 1930 LIBER
1283 1893 1364 1931 ·u·
1407 1887 1568 1929 EXPL
1702 1888 1753 1928 In

165 1950 279 2002 cipxt
309 1948 427 1990 uber
458 1947 690 1989 ssxrvs
724 1946 1062 1988 FELICITER
1092 1948 1130 1986 A
