1890 3060
143 153 213 206 60
676 152 906 196 ANNAEI
943 151 1219 195 SENECAE
1563 167 1604 207 p.
1627 155 1682 195 49
1704 155 1756 195 B.

83 284 113 331 8
140 281 288 346 rant,
335 278 658 330 relabantur.
743 276 984 345 Torpent
1031 294 1149 329 ecce
1196 277 1415 345 ingenia
1462 277 1758 331 desidiosae

142 348 437 401 iuuentutis
482 365 581 400 nec
618 348 676 399 in
713 348 872 399 unius
917 346 1174 399 honestae
1221 348 1298 399 rei
1335 347 1516 400 labore
1563 348 1756 417 uigila-

141 423 256 471 tur:
295 436 514 471 somnus
550 418 886 487 languorque
925 435 986 470 ac
1024 435 1211 470 somno
1240 421 1293 469 et
1317 418 1576 487 languore
1605 419 1622 487 Η
1649 422 1757 470 tur-

141 490 264 558 pior
300 489 563 541 malarum
601 506 779 540 rerum
816 488 1080 540 industria
1124 488 1326 540 inuasit
1363 488 1596 556 animoS‚
1636 505 1758 541 can-

141 559 293 612 tandi
332 558 665 626 saltandique
704 559 935 612 obscena
973 559 1147 610 studia
1184 558 1517 611 effeminatos
1552 562 1755 627 tenent,
1781 578 1803 610 5

145 628 234 701 [et]
277 630 531 697 capillum
568 628 818 698 frangere
853 632 907 680 et
944 628 1011 680 ad
1035 629 1320 681 muliebres
1347 629 1635 681 blanditias
1673 647 1759 681 ex·
1871 636 1875 640 ’

140 704 363 752 tenuare
400 716 616 767 uocem,
663 699 893 751 mollitia
932 699 1172 766 corporis
1211 702 1411 753 certare
1451 717 1573 753 cum
1609 700 1759 752 femi-

140 771 227 822 nis
254 777 306 822 et
330 769 769 821 immundissimis
796 787 851 821 se
878 769 1113 837 expolire
1149 770 1426 822 munditiis
1451 773 1760 822 nostrorum

83 845 112 891 9
141 840 563 893 adolescentium
601 839 874 907 specimen
912 843 1006 892 est.
1049 838 1179 900 Quis
1217 840 1520 907 aequalium
1557 844 1759 892 uestro-

141 928 284 978 rum,
335 910 464 978 quid
510 910 684 963 dicam
731 910 859 962 satis
906 910 1218 979 ingeniosus
1227 951 1242 978 7
1301 910 1428 962 satis
1476 911 1759 977 studiosi1S‚
1784 930 1826 961 10

142 981 307 1032 immo
348 981 467 1049 quis
505 980 632 1032 satis
670 982 755 1031 uir
793 980 911 1032 est‘?
987 980 1212 1032 emolliti
1252 998 1579 1048 eneruesque
1618 980 1761 1049 quod

141 1051 257 1103 nati
296 1054 422 1103 sunt
459 1051 618 1102 inuiti
655 1056 901 1118 manent,
942 1054 1333 1119 expugnatores
1369 1051 1573 1103 alienae
1610 1052 1763 1120 pudi—

144 1121 330 1189 citiae,
368 1122 718 1190 neglegentes
757 1139 900 1173 suae.
940 1122 1006 1172 In
1043 1121 1142 1173 hos
1166 1139 1235 1172 ne
1274 1121 1347 1172 dii
1384 1124 1595 1173 tantum
1634 1122 1762 1173 mali

143 1194 205 1243 ut
245 1191 401 1244 cadat
440 1191 771 1259 eloquentia:
812 1210 972 1259 quam
996 1209 1109 1244 non
1134 1192 1383 1260 mirarer,
1421 1192 1526 1244 nisi
1553 1192 1761 1245 animos

144 1262 202 1313 in
240 1279 374 1330 quos
412 1279 466 1313 se
507 1261 776 1315 conferret
823 1262 1058 1332 eligeret.
1123 1263 1339 1330 erratiS,
1379 1262 1568 1330 optimi
1615 1263 1760 1314 iuue-
1785 1279 1827 1312 15

142 1349 262 1399 nes,
301 1332 409 1384 nisi
446 1332 597 1383 illam
645 1348 834 1385 uocem
871 1350 984 1384 non
1021 1332 1094 1384 M.
1136 1331 1355 1384 Catonis
1367 1374 1381 1400 ,
1430 1332 1520 1384 sed
1559 1333 1762 1386 oraculi

145 1401 378 1455 creditis.
445 1401 584 1463 Quid
622 1402 766 1454 enim
804 1405 884 1454 est
922 1402 1238 1456 oraculum?
1277 1420 1470 1470 nempe
1509 1403 1761 1455 uoluntas

146 1472 330 1524 diuina
366 1473 601 1525 hominis
642 1490 732 1524 ore
770 1473 1073 1540 enuntiata3
1133 1476 1187 1524 et
1223 1490 1381 1541 quem
1417 1472 1634 1525 tandem
1672 1491 1762 1525 an-

142 1543 371 1595 tistitem
426 1543 750 1596 sanctiorem
807 1543 908 1595 sibi
970 1543 1214 1595 inuenire
1277 1543 1530 1595 diuinitas
1584 1544 1762 1612 potuit

147 1631 308 1682 quam
347 1612 420 1665 M.
462 1613 746 1681 Catonem,
793 1631 889 1681 per
937 1632 1096 1682 quem
1141 1614 1378 1666 humano
1428 1614 1612 1682 generi
1648 1632 1761 1666 non
1783 1635 1826 1667 20

143 1683 504 1752 praeciperet,
555 1683 646 1736 sed
695 1684 994 1736 conuitium
1042 1684 1282 1737 faceret?
1355 1684 1445 1735 ille
1505 1701 1632 1753 ergo
1676 1685 1761 1736 uir

143 1753 272 1823 quid
309 1753 425 1806 ait‘?
465 1757 674 1806 ‘orator
712 1757 815 1822 est,
854 1753 1036 1808 Marce
1074 1755 1177 1823 fili,
1216 1754 1300 1805 uir
1337 1755 1511 1806 bonus
1549 1754 1760 1808 dicendi

61 1829 126 1875 10
141 1825 393 1893 peritus'.
459 1824 541 1877 Ite
579 1841 725 1877 nunc
764 1828 817 1876 et
853 1825 911 1876 in
949 1825 1064 1877 istis
1102 1825 1271 1876 uulsis
1309 1827 1469 1892 atque
1508 1825 1759 1893 expolitis

142 1898 196 1948 et
230 1913 496 1962 nusquam
533 1895 639 1947 nisi
677 1895 735 1946 in
772 1894 995 1947 libidine
1033 1895 1164 1947 uiris
1212 1895 1451 1963 quaerite
1500 1898 1754 1948 oratores.
1878 1959 1879 1962 Ἴ

140 1965 337 2018 Merito
375 1965 507 2017 talia
552 1966 756 2017 habent
801 1965 1044 2033 exempla
1091 1966 1271 2034 qualia
1316 1965 1552 2035 ingenia.
1629 1964 1758 2027 Quis
1782 1985 1823 2017 25
1878 1978 1885 2011 ’.

142 2039 222 2088 est
247 2036 340 2104 qui
366 2036 656 2088 memoriae
685 2036 934 2088 studeat?
973 2037 1091 2104 quis
1119 2037 1235 2105 qui,
1262 2053 1375 2088 non
1401 2036 1520 2089 dico
1547 2037 1758 2104 magnis
1880 2052 1886 2061 ¹

140 2106 459 2175 uirtutibus,
506 2106 598 2158 sed
637 2107 745 2158 suis
781 2106 1031 2174 placeat?
1081 2107 1373 2159 sententias
1411 2125 1443 2158 a
1480 2106 1759 2159 disertissi-

140 2177 242 2229 mis
290 2177 420 2228 uiris
458 2177 678 2229 iactatas
725 2176 883 2229 facile
928 2177 986 2228 in
1034 2180 1186 2229 tanta
1235 2177 1514 2229 hominum
1560 2176 1760 2230 desidia

252 2390 273 2428 1
308 2389 547 2441 ingeniose
578 2389 836 2429 iuuentutis
869 2389 1058 2442 ingenia
1087 2391 1120 2428 P
1142 2388 1156 2442 ΙΙ
1181 2389 1429 2430 disidiosae
1461 2391 1506 2428 Η
1527 2387 1543 2443 ΙΙ
1566 2391 1590 2429 2
1621 2389 1759 2431 ullius

147 2446 312 2486 Vsener
349 2444 365 2497 ΙΙ
401 2448 426 2486 3
458 2458 485 2485 a
515 2447 548 2484 P
584 2443 599 2498 11
636 2448 661 2485 5
693 2444 967 2498 psaltandiq.
999 2446 1032 2484 P
1062 2443 1077 2498 ΙΙ
1107 2447 1132 2485 6
1171 2449 1217 2486 et
1247 2459 1323 2487 om.
1354 2448 1387 2484 P
1422 2444 1437 2498 ΙΙ
1473 2447 1500 2487 8
1537 2445 1758 2487 extollere
1840 2456 1842 2460 ’

138 2504 192 2552 P,
235 2502 441 2554 expolire
490 2502 560 2542 W.
593 2502 753 2542 Mizller
782 2499 797 2554 ΙΙ
838 2503 890 2542 10
931 2502 1030 2554 quis
1071 2501 1215 2542 dicam
1254 2503 1286 2541 P
1322 2500 1338 2555 ΙΙ
1379 2504 1427 2541 11
1468 2501 1670 2543 Mollitia
1711 2506 1758 2542 et

142 2571 336 2598 enerues
368 2559 400 2596 P
436 2556 451 2610 ΙΙ
489 2559 541 2597 12
581 2561 820 2599 manerent
847 2559 879 2596 P
915 2556 930 2610 ΙΙ
968 2558 1175 2610 puditiae
1204 2559 1250 2596 M
1285 2556 1300 2611 ΙΙ
1340 2560 1391 2599 13
1430 2571 1518 2598 nec
1547 2559 1600 2608 P,
1639 2571 1755 2600 corr.

139 2613 330 2654 Bursian
359 2612 374 2666 ΙΙ
405 2617 584 2654 tantum
621 2612 930 2667 (patiantur)
961 2614 1070 2655 mali
1105 2616 1199 2656 coll.
1230 2615 1308 2668 76,
1337 2616 1393 2655 20
1433 2615 1582 2655 Haase
1622 2612 1682 2666 (in
1712 2616 1758 2653 M

138 2670 243 2710 haee
289 2684 358 2712 uu.
406 2670 582 2722 erepta)
621 2668 636 2723 ΙΙ
682 2672 747 2712 17.
786 2668 840 2710 18
884 2670 1044 2711 diuina
1089 2670 1305 2711 uoluntas
1351 2671 1383 2709 P
1421 2668 1435 2722 ΙΙ
1474 2672 1525 2712 19
1574 2669 1757 2710 diuinas

138 2727 212 2765 Ma
248 2724 264 2779 ΙΙ
300 2728 355 2767 20
401 2730 642 2767 coatonem
687 2728 733 2765 M
771 2725 786 2780 ΙΙ
828 2726 1015 2767 humani
1065 2727 1224 2780 generi
1268 2740 1350 2779 per
1396 2739 1528 2779 quem
1574 2727 1606 2765 P
1646 2723 1662 2779 ΙΙ
1702 2728 1756 2766 22

137 2783 201 2822 mi
237 2782 304 2822 fili
349 2783 382 2821 P
417 2780 432 2834 ΙΙ
470 2783 643 2823 dicenti
682 2785 714 2822 P
749 2782 765 2836 ΙΙ
802 2784 855 2824 27
896 2783 1070 2824 uiribus
1111 2784 1165 2832 0,
1213 2796 1328 2825 corr.
1369 2782 1587 2834 Schultiny
1626 2781 1642 2834 ΙΙ
1679 2782 1756 2823 sed

138 2839 210 2879 uis
257 2839 332 2877 Ma
372 2837 387 2890 ΙΙ
436 2839 490 2879 28
545 2839 698 2880 factas
747 2841 800 2892 0,
853 2853 966 2881 corr.
1022 2841 1091 2885 W,
1129 2840 1290 2881 Mizller
1337 2837 1353 2891 ΙΙ
1400 2839 1599 2881 omnium
1650 2838 1756 2879 Vse-

141 2907 220 2935 ner
