<?xml version="1.0" encoding="UTF-8"?>
<!DOCTYPE html PUBLIC "-//W3C//DTD XHTML 1.0 Transitional//EN"
    "http://www.w3.org/TR/xhtml1/DTD/xhtml1-transitional.dtd">
<html xmlns="http://www.w3.org/1999/xhtml" xml:lang="en" lang="en">
 <head>
  <title>
</title>
<meta http-equiv="Content-Type" content="text/html;charset=utf-8" />
  <meta name='ocr-system' content='tesseract 3.04.00' />
  <meta name='ocr-capabilities' content='ocr_page ocr_carea ocr_par ocr_line ocrx_word'/>
</head>
<body>
  <div class='ocr_page' id='page_1' title='image "./oratorumetrhetor00seneuoft/oratorumetrhetor00seneuoft_0259.png"; bbox 0 0 1942 3034; ppageno 0'>
   <div class='ocr_carea' id='block_1_1' title="bbox 0 0 897 75">
    <p class='ocr_par' dir='ltr' id='par_1_1' title="bbox 0 0 897 75">
     <span class='ocr_line' id='line_1_1' title="bbox 0 0 897 75; baseline 0.007 -46"><span class='ocrx_word' id='word_1_1' title='bbox 0 0 398 75; x_wconf 52' lang='grc' dir='ltr'><strong>τ’,εξᾞῇ-νῖῖῑῡ</strong></span> <span class='ocrx_word' id='word_1_2' title='bbox 420 0 478 35; x_wconf 58' lang='lat' dir='ltr'><strong>‘&#39;z-”1</strong></span> <span class='ocrx_word' id='word_1_3' title='bbox 494 0 619 47; x_wconf 51' lang='lat' dir='ltr'><strong>55⁴&gt;ss</strong></span> <span class='ocrx_word' id='word_1_4' title='bbox 663 0 742 39; x_wconf 52' lang='lat'><strong>323*-</strong></span> <span class='ocrx_word' id='word_1_5' title='bbox 836 0 897 9; x_wconf 65' lang='grc'><strong>’“’·</strong></span> 
     </span>
    </p>
   </div>
   <div class='ocr_carea' id='block_1_2' title="bbox 21 85 34 113">
    <p class='ocr_par' dir='ltr' id='par_1_2' title="bbox 21 85 34 113">
     <span class='ocr_line' id='line_1_2' title="bbox 21 85 34 113; baseline 0 0"><span class='ocrx_word' id='word_1_6' title='bbox 21 85 34 113; x_wconf 60' lang='lat'><em>3</em></span> 
     </span>
    </p>
   </div>
   <div class='ocr_carea' id='block_1_3' title="bbox 151 169 1768 230">
    <p class='ocr_par' dir='ltr' id='par_1_3' title="bbox 151 169 1768 230">
     <span class='ocr_line' id='line_1_3' title="bbox 151 169 1768 230; baseline 0 -14"><span class='ocrx_word' id='word_1_7' title='bbox 151 188 194 230; x_wconf 80' lang='lat' dir='ltr'><strong>p.</strong></span> <span class='ocrx_word' id='word_1_8' title='bbox 209 174 292 219; x_wconf 81' lang='lat'><strong>358</strong></span> <span class='ocrx_word' id='word_1_9' title='bbox 308 175 362 217; x_wconf 88' lang='grc' dir='ltr'><strong>Β.</strong></span> <span class='ocrx_word' id='word_1_10' title='bbox 522 171 846 217; x_wconf 80' lang='lat' dir='ltr'>EXCERPTA</span> <span class='ocrx_word' id='word_1_11' title='bbox 873 171 1174 216; x_wconf 75' lang='lat' dir='ltr'><strong>CONTROV.</strong></span> <span class='ocrx_word' id='word_1_12' title='bbox 1203 172 1322 215; x_wconf 91' lang='lat' dir='ltr'><strong>LIB.</strong></span> <span class='ocrx_word' id='word_1_13' title='bbox 1343 172 1405 214; x_wconf 91' lang='lat'><strong>11.</strong></span> <span class='ocrx_word' id='word_1_14' title='bbox 1660 169 1768 225; x_wconf 80' lang='lat'><strong>239</strong></span> 
     </span>
    </p>
   </div>
   <div class='ocr_carea' id='block_1_4' title="bbox 108 296 1771 658">
    <p class='ocr_par' dir='ltr' id='par_1_4' title="bbox 291 296 1768 368">
     <span class='ocr_line' id='line_1_4' title="bbox 291 296 1768 368; baseline 0.001 -17"><span class='ocrx_word' id='word_1_15' title='bbox 291 316 392 368; x_wconf 93' lang='lat' dir='ltr'><strong>pro</strong></span> <span class='ocrx_word' id='word_1_16' title='bbox 438 298 658 352; x_wconf 74' lang='lat' dir='ltr'><strong>adiectis</strong></span> <span class='ocrx_word' id='word_1_17' title='bbox 703 298 918 368; x_wconf 84' lang='lat' dir='ltr'><strong>pretiis3</strong></span> <span class='ocrx_word' id='word_1_18' title='bbox 965 297 1188 368; x_wconf 86' lang='lat' dir='ltr'><strong>negauit</strong></span> <span class='ocrx_word' id='word_1_19' title='bbox 1223 297 1333 350; x_wconf 88' lang='lat' dir='ltr'><strong>illa.</strong></span> <span class='ocrx_word' id='word_1_20' title='bbox 1410 296 1639 351; x_wconf 76' lang='lat' dir='ltr'><strong>decessit</strong></span> <span class='ocrx_word' id='word_1_21' title='bbox 1674 316 1768 352; x_wconf 89' lang='lat' dir='ltr'><strong>ne-</strong></span> 
     </span>
    </p>

    <p class='ocr_par' dir='ltr' id='par_1_5' title="bbox 294 367 1769 440">
     <span class='ocr_line' id='line_1_5' title="bbox 294 367 1769 440; baseline 0.001 -18"><span class='ocrx_word' id='word_1_22' title='bbox 294 369 546 440; x_wconf 85' lang='lat' dir='ltr'><strong>gotiator,</strong></span> <span class='ocrx_word' id='word_1_23' title='bbox 582 372 904 423; x_wconf 84' lang='lat' dir='ltr'><strong>testamento</strong></span> <span class='ocrx_word' id='word_1_24' title='bbox 943 367 1267 437; x_wconf 81' lang='lat' dir='ltr'><strong>(heredem)</strong></span> <span class='ocrx_word' id='word_1_25' title='bbox 1306 368 1557 429; x_wconf 88' lang='lat' dir='ltr'><strong>omnibus</strong></span> <span class='ocrx_word' id='word_1_26' title='bbox 1608 368 1769 423; x_wconf 90' lang='lat' dir='ltr'><strong>bonis</strong></span> 
     </span>
    </p>

    <p class='ocr_par' dir='ltr' id='par_1_6' title="bbox 292 437 1771 510">
     <span class='ocr_line' id='line_1_6' title="bbox 292 437 1771 510; baseline 0 -18"><span class='ocrx_word' id='word_1_27' title='bbox 292 439 524 510; x_wconf 82' lang='lat' dir='ltr'><strong>reliquid</strong></span> <span class='ocrx_word' id='word_1_28' title='bbox 575 439 868 494; x_wconf 84' lang='lat' dir='ltr'><strong>formosam</strong></span> <span class='ocrx_word' id='word_1_29' title='bbox 925 443 979 492; x_wconf 88' lang='lat' dir='ltr'><strong>et</strong></span> <span class='ocrx_word' id='word_1_30' title='bbox 1033 438 1228 492; x_wconf 87' lang='lat' dir='ltr'><strong>adiecit</strong></span> <span class='ocrx_word' id='word_1_31' title='bbox 1282 437 1550 508; x_wconf 86' lang='lat' dir='ltr'><strong>elogium:</strong></span> <span class='ocrx_word' id='word_1_32' title='bbox 1608 443 1623 467; x_wconf 80' lang='lat'><em>‘</em></span> <span class='ocrx_word' id='word_1_33' title='bbox 1642 440 1771 508; x_wconf 90' lang='lat' dir='ltr'><strong>quia</strong></span> 
     </span>
    </p>

    <p class='ocr_par' dir='ltr' id='par_1_7' title="bbox 108 508 1769 658">
     <span class='ocr_line' id='line_1_7' title="bbox 293 508 1769 580; baseline -0.001 -17"><span class='ocrx_word' id='word_1_34' title='bbox 293 510 542 580; x_wconf 87' lang='lat' dir='ltr'><strong>pudicam</strong></span> <span class='ocrx_word' id='word_1_35' title='bbox 580 510 846 579; x_wconf 88' lang='lat' dir='ltr'><strong>conperi&#39;.</strong></span> <span class='ocrx_word' id='word_1_36' title='bbox 896 510 1029 563; x_wconf 87' lang='lat' dir='ltr'><strong>adiit</strong></span> <span class='ocrx_word' id='word_1_37' title='bbox 1064 508 1433 563; x_wconf 75' lang='lat' dir='ltr'><strong>hereditatem.</strong></span> <span class='ocrx_word' id='word_1_38' title='bbox 1483 509 1622 562; x_wconf 91' lang='lat' dir='ltr'><strong>redit</strong></span> <span class='ocrx_word' id='word_1_39' title='bbox 1658 528 1769 562; x_wconf 91' lang='lat' dir='ltr'><strong>ma-</strong></span> 
     </span>
     <span class='ocr_line' id='line_1_8' title="bbox 108 579 1437 658; baseline 0.002 -27"><span class='ocrx_word' id='word_1_40' title='bbox 108 598 129 631; x_wconf 85' lang='lat'>5</span> <span class='ocrx_word' id='word_1_41' title='bbox 293 581 444 649; x_wconf 83' lang='lat' dir='ltr'><strong>ritus,</strong></span> <span class='ocrx_word' id='word_1_42' title='bbox 482 585 696 633; x_wconf 86' lang='lat' dir='ltr'><strong>accusat</strong></span> <span class='ocrx_word' id='word_1_43' title='bbox 732 580 980 634; x_wconf 90' lang='lat' dir='ltr'><strong>adulterii</strong></span> <span class='ocrx_word' id='word_1_44' title='bbox 1015 598 1079 633; x_wconf 82' lang='lat' dir='ltr'><strong>ex</strong></span> <span class='ocrx_word' id='word_1_45' title='bbox 1117 579 1437 658; x_wconf 82' lang='lat' dir='ltr'><strong>suspicione.</strong></span> 
     </span>
    </p>
   </div>
   <div class='ocr_carea' id='block_1_5' title="bbox 87 678 1774 2305">
    <p class='ocr_par' dir='ltr' id='par_1_8' title="bbox 106 678 1772 960">
     <span class='ocr_line' id='line_1_9' title="bbox 106 678 1767 748; baseline 0.004 -20"><span class='ocrx_word' id='word_1_46' title='bbox 106 717 117 728; x_wconf 90' lang='lat'><strong>.</strong></span> <span class='ocrx_word' id='word_1_47' title='bbox 259 678 443 733; x_wconf 83' lang='lat' dir='ltr'><strong>Seram</strong></span> <span class='ocrx_word' id='word_1_48' title='bbox 489 679 760 748; x_wconf 88' lang='lat' dir='ltr'><strong>querelam</strong></span> <span class='ocrx_word' id='word_1_49' title='bbox 809 679 1000 732; x_wconf 90' lang='lat' dir='ltr'><strong>detuli:</strong></span> <span class='ocrx_word' id='word_1_50' title='bbox 1056 697 1170 733; x_wconf 92' lang='lat' dir='ltr'><strong>non</strong></span> <span class='ocrx_word' id='word_1_51' title='bbox 1218 697 1407 732; x_wconf 90' lang='lat' dir='ltr'><strong>accuso</strong></span> <span class='ocrx_word' id='word_1_52' title='bbox 1468 678 1767 734; x_wconf 84' lang='lat' dir='ltr'><strong>adulteram</strong></span> 
     </span>
     <span class='ocr_line' id='line_1_10' title="bbox 150 749 1768 820; baseline 0.001 -18"><span class='ocrx_word' id='word_1_53' title='bbox 150 749 256 802; x_wconf 89' lang='lat' dir='ltr'><strong>nisi</strong></span> <span class='ocrx_word' id='word_1_54' title='bbox 294 749 516 803; x_wconf 90' lang='lat' dir='ltr'><strong>diuitem</strong></span> <span class='ocrx_word' id='word_1_55' title='bbox 553 749 767 803; x_wconf 81' lang='lat' dir='ltr'><strong>factam.</strong></span> <span class='ocrx_word' id='word_1_56' title='bbox 830 750 962 803; x_wconf 90' lang='lat' dir='ltr'><strong>Post</strong></span> <span class='ocrx_word' id='word_1_57' title='bbox 997 753 1179 803; x_wconf 83' lang='lat' dir='ltr'><strong>tantos</strong></span> <span class='ocrx_word' id='word_1_58' title='bbox 1217 750 1569 820; x_wconf 81' lang='lat' dir='ltr'><strong>inpudicitiae</strong></span> <span class='ocrx_word' id='word_1_59' title='bbox 1608 769 1768 820; x_wconf 88' lang='lat' dir='ltr'><strong>quae-</strong></span> 
     </span>
     <span class='ocr_line' id='line_1_11' title="bbox 151 820 1772 890; baseline 0.001 -17"><span class='ocrx_word' id='word_1_60' title='bbox 151 824 264 873; x_wconf 85' lang='lat' dir='ltr'><strong>stus</strong></span> <span class='ocrx_word' id='word_1_61' title='bbox 302 820 347 874; x_wconf 91' lang='lat' dir='ltr'><strong>si</strong></span> <span class='ocrx_word' id='word_1_62' title='bbox 383 824 558 874; x_wconf 88' lang='lat' dir='ltr'><strong>tacere</strong></span> <span class='ocrx_word' id='word_1_63' title='bbox 595 839 839 890; x_wconf 81' lang='lat' dir='ltr'><strong>possum,</strong></span> <span class='ocrx_word' id='word_1_64' title='bbox 887 820 1251 874; x_wconf 84' lang='lat' dir='ltr'><strong>confitendum</strong></span> <span class='ocrx_word' id='word_1_65' title='bbox 1297 820 1470 874; x_wconf 90' lang='lat' dir='ltr'><strong>habeo</strong></span> <span class='ocrx_word' id='word_1_66' title='bbox 1526 820 1629 875; x_wconf 90' lang='lat' dir='ltr'><strong>hac</strong></span> <span class='ocrx_word' id='word_1_67' title='bbox 1681 839 1772 875; x_wconf 88' lang='lat' dir='ltr'><strong>me</strong></span> 
     </span>
     <span class='ocr_line' id='line_1_12' title="bbox 150 890 1765 960; baseline 0.001 -16"><span class='ocrx_word' id='word_1_68' title='bbox 150 909 307 944; x_wconf 89' lang='lat' dir='ltr'><strong>causa</strong></span> <span class='ocrx_word' id='word_1_69' title='bbox 353 891 565 944; x_wconf 85' lang='lat' dir='ltr'><strong>afuisse.</strong></span> <span class='ocrx_word' id='word_1_70' title='bbox 641 891 875 960; x_wconf 87' lang='lat' dir='ltr'><strong>Tempus</strong></span> <span class='ocrx_word' id='word_1_71' title='bbox 923 895 1004 944; x_wconf 89' lang='lat' dir='ltr'><strong>est</strong></span> <span class='ocrx_word' id='word_1_72' title='bbox 1051 890 1115 943; x_wconf 90' lang='lat' dir='ltr'><strong>de</strong></span> <span class='ocrx_word' id='word_1_73' title='bbox 1153 909 1319 944; x_wconf 82' lang='lat' dir='ltr'><strong>uxore</strong></span> <span class='ocrx_word' id='word_1_74' title='bbox 1366 892 1562 945; x_wconf 90' lang='lat' dir='ltr'><strong>marito</strong></span> <span class='ocrx_word' id='word_1_75' title='bbox 1602 891 1765 946; x_wconf 84' lang='lat' dir='ltr'><strong>credi.</strong></span> 
     </span>
    </p>

    <p class='ocr_par' dir='ltr' id='par_1_9' title="bbox 88 960 1770 1256">
     <span class='ocr_line' id='line_1_13' title="bbox 88 960 1769 1016; baseline 0.003 -6"><span class='ocrx_word' id='word_1_76' title='bbox 88 979 129 1010; x_wconf 84' lang='grc' dir='ltr'><strong>ιο</strong></span> <span class='ocrx_word' id='word_1_77' title='bbox 150 960 310 1015; x_wconf 88' lang='lat' dir='ltr'><strong>Ferat</strong></span> <span class='ocrx_word' id='word_1_78' title='bbox 346 966 592 1015; x_wconf 84' lang='lat' dir='ltr'><strong>matrona</strong></span> <span class='ocrx_word' id='word_1_79' title='bbox 629 962 863 1014; x_wconf 89' lang='lat' dir='ltr'><strong>iacentes</strong></span> <span class='ocrx_word' id='word_1_80' title='bbox 889 962 947 1014; x_wconf 91' lang='lat' dir='ltr'><strong>in</strong></span> <span class='ocrx_word' id='word_1_81' title='bbox 983 965 1183 1014; x_wconf 89' lang='lat' dir='ltr'><strong>terram</strong></span> <span class='ocrx_word' id='word_1_82' title='bbox 1211 961 1394 1014; x_wconf 88' lang='lat' dir='ltr'><strong>oculos</strong></span> <span class='ocrx_word' id='word_1_83' title='bbox 1422 965 1477 1015; x_wconf 92' lang='lat' dir='ltr'><strong>et</strong></span> <span class='ocrx_word' id='word_1_84' title='bbox 1513 962 1769 1016; x_wconf 90' lang='lat' dir='ltr'><strong>aduersus</strong></span> 
     </span>
     <span class='ocr_line' id='line_1_14' title="bbox 151 1031 1770 1101; baseline 0 -16"><span class='ocrx_word' id='word_1_85' title='bbox 151 1032 452 1085; x_wconf 84' lang='lat' dir='ltr'><strong>officiosum</strong></span> <span class='ocrx_word' id='word_1_86' title='bbox 499 1032 845 1086; x_wconf 85' lang='lat' dir='ltr'><strong>salutatorem</strong></span> <span class='ocrx_word' id='word_1_87' title='bbox 898 1031 1196 1084; x_wconf 89' lang='lat' dir='ltr'><strong>inhumana</strong></span> <span class='ocrx_word' id='word_1_88' title='bbox 1249 1031 1430 1100; x_wconf 91' lang='lat' dir='ltr'><strong>potius</strong></span> <span class='ocrx_word' id='word_1_89' title='bbox 1481 1050 1642 1101; x_wconf 92' lang='lat' dir='ltr'><strong>quam</strong></span> <span class='ocrx_word' id='word_1_90' title='bbox 1689 1033 1770 1085; x_wconf 90' lang='lat' dir='ltr'><strong>in-</strong></span> 
     </span>
     <span class='ocr_line' id='line_1_15' title="bbox 149 1102 1766 1172; baseline 0.001 -16"><span class='ocrx_word' id='word_1_91' title='bbox 149 1102 448 1156; x_wconf 90' lang='lat' dir='ltr'><strong>uerecunda</strong></span> <span class='ocrx_word' id='word_1_92' title='bbox 495 1103 591 1171; x_wconf 81' lang='lat' dir='ltr'><strong>sit3</strong></span> <span class='ocrx_word' id='word_1_93' title='bbox 647 1103 809 1172; x_wconf 84' lang='lat' dir='ltr'><strong>longe</strong></span> <span class='ocrx_word' id='word_1_94' title='bbox 856 1106 982 1155; x_wconf 87' lang='lat' dir='ltr'><strong>ante</strong></span> <span class='ocrx_word' id='word_1_95' title='bbox 1037 1102 1412 1171; x_wconf 86' lang='lat' dir='ltr'><strong>inpudicitiam</strong></span> <span class='ocrx_word' id='word_1_96' title='bbox 1471 1121 1623 1156; x_wconf 89' lang='lat' dir='ltr'><strong>suam</strong></span> <span class='ocrx_word' id='word_1_97' title='bbox 1674 1122 1766 1157; x_wconf 90' lang='lat' dir='ltr'><strong>ore</strong></span> 
     </span>
     <span class='ocr_line' id='line_1_16' title="bbox 149 1172 1766 1256; baseline 0.001 -30"><span class='ocrx_word' id='word_1_98' title='bbox 149 1174 512 1254; x_wconf 39' lang='lat' dir='ltr'><strong>quam-uerbo</strong></span> <span class='ocrx_word' id='word_1_99' title='bbox 549 1177 730 1254; x_wconf 81' lang='lat' dir='ltr'><strong>neget.</strong></span> <span class='ocrx_word' id='word_1_100' title='bbox 788 1191 947 1226; x_wconf 92' lang='lat' dir='ltr'><strong>nemo</strong></span> <span class='ocrx_word' id='word_1_101' title='bbox 987 1172 1202 1226; x_wconf 88' lang='lat' dir='ltr'><strong>fortiter</strong></span> <span class='ocrx_word' id='word_1_102' title='bbox 1238 1176 1531 1244; x_wconf 83' lang='lat' dir='ltr'><strong>negantem</strong></span> <span class='ocrx_word' id='word_1_103' title='bbox 1567 1174 1766 1256; x_wconf 82' lang='lat' dir='ltr'><strong>iterum</strong></span> 
     </span>
    </p>

    <p class='ocr_par' dir='ltr' id='par_1_10' title="bbox 87 1242 1771 1651">
     <span class='ocr_line' id='line_1_17' title="bbox 87 1242 1770 1384; baseline 0.002 -20"><span class='ocrx_word' id='word_1_104' title='bbox 87 1331 129 1363; x_wconf 45' lang='grc' dir='ltr'><strong>,ὃ</strong></span> <span class='ocrx_word' id='word_1_105' title='bbox 149 1244 419 1384; x_wconf 50' lang='grc' dir='ltr'><strong>ξὲεέἒέξρῑ</strong></span> <span class='ocrx_word' id='word_1_106' title='bbox 455 1242 1426 1384; x_wconf 43' lang='grc' dir='ltr'><strong>Πῗῗᾞὲἰᾙωῗῖζᾚΐιέἓξᾟῇῗῖἓέῐ</strong></span> <span class='ocrx_word' id='word_1_107' title='bbox 1444 1247 1770 1384; x_wconf 54' lang='grc' dir='ltr'><strong>ῗὲἓίοίέἓίἓ</strong></span> 
     </span>
     <span class='ocr_line' id='line_1_18' title="bbox 151 1385 1771 1455; baseline 0.001 -17"><span class='ocrx_word' id='word_1_108' title='bbox 151 1385 476 1438; x_wconf 83' lang='lat' dir='ltr'><strong>custodisti’.</strong></span> <span class='ocrx_word' id='word_1_109' title='bbox 552 1385 690 1438; x_wconf 85' lang='lat' dir='ltr'><strong>Tace</strong></span> <span class='ocrx_word' id='word_1_110' title='bbox 734 1386 1006 1455; x_wconf 83' lang='lat' dir='ltr'><strong>paulisper</strong></span> <span class='ocrx_word' id='word_1_111' title='bbox 1061 1403 1262 1438; x_wconf 91' lang='lat' dir='ltr'><strong>nomen</strong></span> <span class='ocrx_word' id='word_1_112' title='bbox 1309 1386 1567 1439; x_wconf 88' lang='lat' dir='ltr'><strong>auctoris:</strong></span> <span class='ocrx_word' id='word_1_113' title='bbox 1615 1405 1771 1439; x_wconf 89' lang='lat' dir='ltr'><strong>num-</strong></span> 
     </span>
     <span class='ocr_line' id='line_1_19' title="bbox 152 1455 1770 1525; baseline 0.002 -18"><span class='ocrx_word' id='word_1_114' title='bbox 152 1455 281 1525; x_wconf 89' lang='lat' dir='ltr'><strong>quid</strong></span> <span class='ocrx_word' id='word_1_115' title='bbox 327 1474 439 1509; x_wconf 91' lang='lat' dir='ltr'><strong>non</strong></span> <span class='ocrx_word' id='word_1_116' title='bbox 486 1460 864 1509; x_wconf 83' lang='lat' dir='ltr'><strong>testamentum</strong></span> <span class='ocrx_word' id='word_1_117' title='bbox 903 1456 1006 1508; x_wconf 88' lang='lat' dir='ltr'><strong>uiri</strong></span> <span class='ocrx_word' id='word_1_118' title='bbox 1053 1455 1326 1509; x_wconf 75' lang='lat' dir='ltr'><strong>creditur?</strong></span> <span class='ocrx_word' id='word_1_119' title='bbox 1398 1456 1622 1510; x_wconf 92' lang='lat' dir='ltr'><strong>Adeone</strong></span> <span class='ocrx_word' id='word_1_120' title='bbox 1660 1457 1770 1510; x_wconf 88' lang='lat' dir='ltr'><strong>iam</strong></span> 
     </span>
     <span class='ocr_line' id='line_1_20' title="bbox 153 1526 1770 1597; baseline 0.001 -17"><span class='ocrx_word' id='word_1_121' title='bbox 153 1526 327 1580; x_wconf 87' lang='lat' dir='ltr'><strong>omnis</strong></span> <span class='ocrx_word' id='word_1_122' title='bbox 363 1527 626 1595; x_wconf 85' lang='lat' dir='ltr'><strong>patientia</strong></span> <span class='ocrx_word' id='word_1_123' title='bbox 663 1527 827 1580; x_wconf 90' lang='lat' dir='ltr'><strong>seculi</strong></span> <span class='ocrx_word' id='word_1_124' title='bbox 863 1526 1036 1580; x_wconf 86' lang='lat' dir='ltr'><strong>nostri</strong></span> <span class='ocrx_word' id='word_1_125' title='bbox 1074 1526 1223 1595; x_wconf 84' lang='lat' dir='ltr'><strong>abiit,</strong></span> <span class='ocrx_word' id='word_1_126' title='bbox 1261 1529 1323 1580; x_wconf 93' lang='lat' dir='ltr'><strong>ut</strong></span> <span class='ocrx_word' id='word_1_127' title='bbox 1346 1526 1600 1580; x_wconf 91' lang='lat' dir='ltr'><strong>aduersus</strong></span> <span class='ocrx_word' id='word_1_128' title='bbox 1643 1546 1770 1597; x_wconf 90' lang='lat' dir='ltr'><strong>que·</strong></span> 
     </span>
     <span class='ocr_line' id='line_1_21' title="bbox 151 1596 1768 1651; baseline 0.001 -2"><span class='ocrx_word' id='word_1_129' title='bbox 151 1596 434 1650; x_wconf 88' lang='lat' dir='ltr'><strong>rimoniam</strong></span> <span class='ocrx_word' id='word_1_130' title='bbox 472 1598 575 1650; x_wconf 88' lang='lat' dir='ltr'><strong>uiri</strong></span> <span class='ocrx_word' id='word_1_131' title='bbox 612 1597 788 1650; x_wconf 90' lang='lat' dir='ltr'><strong>alieno</strong></span> <span class='ocrx_word' id='word_1_132' title='bbox 826 1600 962 1650; x_wconf 88' lang='lat' dir='ltr'><strong>teste</strong></span> <span class='ocrx_word' id='word_1_133' title='bbox 1001 1596 1319 1650; x_wconf 87' lang='lat' dir='ltr'><strong>defendatur</strong></span> <span class='ocrx_word' id='word_1_134' title='bbox 1354 1598 1530 1651; x_wconf 76' lang='lat' dir='ltr'><strong>uxor?</strong></span> <span class='ocrx_word' id='word_1_135' title='bbox 1577 1597 1768 1651; x_wconf 91' lang='lat' dir='ltr'><strong>Mulie-</strong></span> 
     </span>
    </p>

    <p class='ocr_par' dir='ltr' id='par_1_11' title="bbox 87 1666 1770 2021">
     <span class='ocr_line' id='line_1_22' title="bbox 87 1666 1765 1731; baseline 0.003 -14"><span class='ocrx_word' id='word_1_136' title='bbox 87 1682 129 1715; x_wconf 70' lang='grc' dir='ltr'><strong>ιο</strong></span> <span class='ocrx_word' id='word_1_137' title='bbox 150 1666 325 1720; x_wconf 89' lang='lat' dir='ltr'><strong>brium</strong></span> <span class='ocrx_word' id='word_1_138' title='bbox 380 1668 637 1721; x_wconf 90' lang='lat' dir='ltr'><strong>uitiorum</strong></span> <span class='ocrx_word' id='word_1_139' title='bbox 691 1667 1101 1721; x_wconf 89' lang='lat' dir='ltr'><strong>fundamentum</strong></span> <span class='ocrx_word' id='word_1_140' title='bbox 1155 1668 1385 1721; x_wconf 90' lang='lat' dir='ltr'><strong>auaritia</strong></span> <span class='ocrx_word' id='word_1_141' title='bbox 1446 1672 1541 1723; x_wconf 88' lang='lat' dir='ltr'><strong>est.</strong></span> <span class='ocrx_word' id='word_1_142' title='bbox 1619 1667 1765 1731; x_wconf 85' lang='lat' dir='ltr'><strong>Quae</strong></span> 
     </span>
     <span class='ocr_line' id='line_1_23' title="bbox 150 1738 1768 1808; baseline 0.002 -18"><span class='ocrx_word' id='word_1_143' title='bbox 150 1741 330 1807; x_wconf 77' lang='lat' dir='ltr'><strong>potest</strong></span> <span class='ocrx_word' id='word_1_144' title='bbox 375 1756 488 1791; x_wconf 95' lang='lat' dir='ltr'><strong>non</strong></span> <span class='ocrx_word' id='word_1_145' title='bbox 526 1739 714 1792; x_wconf 85' lang='lat' dir='ltr'><strong>timere</strong></span> <span class='ocrx_word' id='word_1_146' title='bbox 753 1739 1067 1808; x_wconf 91' lang='lat' dir='ltr'><strong>opinionem</strong></span> <span class='ocrx_word' id='word_1_147' title='bbox 1114 1738 1389 1807; x_wconf 88' lang='lat' dir='ltr'><strong>adulterii,</strong></span> <span class='ocrx_word' id='word_1_148' title='bbox 1436 1742 1618 1808; x_wconf 88' lang='lat' dir='ltr'><strong>potest</strong></span> <span class='ocrx_word' id='word_1_149' title='bbox 1654 1758 1768 1793; x_wconf 88' lang='lat' dir='ltr'><strong>non</strong></span> 
     </span>
     <span class='ocr_line' id='line_1_24' title="bbox 151 1808 1769 1879; baseline 0.002 -18"><span class='ocrx_word' id='word_1_150' title='bbox 151 1809 339 1861; x_wconf 88' lang='lat' dir='ltr'><strong>timere</strong></span> <span class='ocrx_word' id='word_1_151' title='bbox 377 1808 713 1863; x_wconf 85' lang='lat' dir='ltr'><strong>adulterium.</strong></span> <span class='ocrx_word' id='word_1_152' title='bbox 785 1809 869 1863; x_wconf 87' lang='lat' dir='ltr'><strong>Ex</strong></span> <span class='ocrx_word' id='word_1_153' title='bbox 908 1810 1057 1863; x_wconf 90' lang='lat' dir='ltr'><strong>omni</strong></span> <span class='ocrx_word' id='word_1_154' title='bbox 1094 1827 1156 1861; x_wconf 92' lang='lat' dir='ltr'><strong>ru</strong></span> <span class='ocrx_word' id='word_1_155' title='bbox 1197 1827 1224 1862; x_wconf 93' lang='lat' dir='ltr'><strong>e</strong></span> <span class='ocrx_word' id='word_1_156' title='bbox 1264 1809 1605 1879; x_wconf 86' lang='lat' dir='ltr'><strong>conchylium</strong></span> <span class='ocrx_word' id='word_1_157' title='bbox 1644 1828 1769 1864; x_wconf 90' lang='lat' dir='ltr'><strong>con-</strong></span> 
     </span>
     <span class='ocr_line' id='line_1_25' title="bbox 150 1877 1770 1949; baseline 0.002 -18"><span class='ocrx_word' id='word_1_158' title='bbox 150 1877 384 1933; x_wconf 85' lang='lat' dir='ltr'><strong>trahitur</strong></span> <span class='ocrx_word' id='word_1_159' title='bbox 458 1897 527 1933; x_wconf 90' lang='lat' dir='ltr'><strong>uo</strong></span> <span class='ocrx_word' id='word_1_160' title='bbox 554 1881 716 1933; x_wconf 88' lang='lat' dir='ltr'><strong>uestis</strong></span> <span class='ocrx_word' id='word_1_161' title='bbox 743 1880 761 1949; x_wconf 89' lang='grc'><strong>11</strong></span> <span class='ocrx_word' id='word_1_162' title='bbox 789 1883 1112 1935; x_wconf 84' lang='lat' dir='ltr'><strong>cruentetur.</strong></span> <span class='ocrx_word' id='word_1_163' title='bbox 1232 1880 1414 1933; x_wconf 88' lang='lat' dir='ltr'><strong>felices</strong></span> <span class='ocrx_word' id='word_1_164' title='bbox 1451 1881 1770 1934; x_wconf 90' lang='lat' dir='ltr'><strong>ancillarum</strong></span> 
     </span>
     <span class='ocr_line' id='line_1_26' title="bbox 152 1898 1770 2021; baseline 0.001 -18"><span class='ocrx_word' id='word_1_165' title='bbox 152 1966 340 2020; x_wconf 81' lang='lat' dir='ltr'><strong>greges</strong></span> <span class='ocrx_word' id='word_1_166' title='bbox 377 1898 650 2019; x_wconf 37' lang='lat' dir='ltr'><strong>laborant,</strong></span> <span class='ocrx_word' id='word_1_167' title='bbox 700 1955 759 2003; x_wconf 90' lang='lat' dir='ltr'><strong>ut</strong></span> <span class='ocrx_word' id='word_1_168' title='bbox 795 1950 1039 2003; x_wconf 88' lang='lat' dir='ltr'><strong>adultera</strong></span> <span class='ocrx_word' id='word_1_169' title='bbox 1085 1951 1236 2003; x_wconf 91' lang='lat' dir='ltr'><strong>tenui</strong></span> <span class='ocrx_word' id='word_1_170' title='bbox 1284 1954 1434 2004; x_wconf 89' lang='lat' dir='ltr'><strong>ueste</strong></span> <span class='ocrx_word' id='word_1_171' title='bbox 1485 1952 1770 2021; x_wconf 88' lang='lat' dir='ltr'><strong>perspicua</strong></span> 
     </span>
    </p>

    <p class='ocr_par' dir='ltr' id='par_1_12' title="bbox 87 2019 1774 2305">
     <span class='ocr_line' id='line_1_27' title="bbox 87 2019 1769 2091; baseline 0.003 -21"><span class='ocrx_word' id='word_1_172' title='bbox 87 2034 131 2068; x_wconf 55' lang='grc' dir='ltr'><strong>ε,</strong></span> <span class='ocrx_word' id='word_1_173' title='bbox 154 2019 222 2073; x_wconf 86' lang='lat' dir='ltr'><strong>sit</strong></span> <span class='ocrx_word' id='word_1_174' title='bbox 270 2025 323 2073; x_wconf 89' lang='lat' dir='ltr'><strong>et</strong></span> <span class='ocrx_word' id='word_1_175' title='bbox 379 2020 516 2073; x_wconf 89' lang='lat' dir='ltr'><strong>nihil</strong></span> <span class='ocrx_word' id='word_1_176' title='bbox 563 2021 620 2073; x_wconf 91' lang='lat' dir='ltr'><strong>in</strong></span> <span class='ocrx_word' id='word_1_177' title='bbox 670 2038 894 2090; x_wconf 89' lang='lat' dir='ltr'><strong>corpore</strong></span> <span class='ocrx_word' id='word_1_178' title='bbox 951 2021 1131 2075; x_wconf 89' lang='lat' dir='ltr'><strong>uxoris</strong></span> <span class='ocrx_word' id='word_1_179' title='bbox 1188 2039 1312 2074; x_wconf 89' lang='lat' dir='ltr'><strong>suae</strong></span> <span class='ocrx_word' id='word_1_180' title='bbox 1366 2022 1488 2091; x_wconf 92' lang='lat' dir='ltr'><strong>plus</strong></span> <span class='ocrx_word' id='word_1_181' title='bbox 1544 2022 1769 2076; x_wconf 90' lang='lat' dir='ltr'><strong>maritus</strong></span> 
     </span>
     <span class='ocr_line' id='line_1_28' title="bbox 153 2090 1774 2172; baseline 0.002 -29"><span class='ocrx_word' id='word_1_182' title='bbox 153 2108 309 2160; x_wconf 87' lang='lat' dir='ltr'><strong>quam</strong></span> <span class='ocrx_word' id='word_1_183' title='bbox 337 2090 563 2160; x_wconf 88' lang='lat' dir='ltr'><strong>quilibet</strong></span> <span class='ocrx_word' id='word_1_184' title='bbox 599 2091 806 2144; x_wconf 87' lang='lat' dir='ltr'><strong>alienus</strong></span> <span class='ocrx_word' id='word_1_185' title='bbox 845 2091 1266 2172; x_wconf 78' lang='lat' dir='ltr'><strong>peregrinusque</strong></span> <span class='ocrx_word' id='word_1_186' title='bbox 1294 2093 1628 2163; x_wconf 85' lang='lat' dir='ltr'><strong>cognouerit.</strong></span> <span class='ocrx_word' id='word_1_187' title='bbox 1667 2092 1774 2147; x_wconf 83' lang='lat' dir='ltr'><strong>Fu-</strong></span> 
     </span>
     <span class='ocr_line' id='line_1_29' title="bbox 152 2161 1772 2235; baseline 0.002 -21"><span class='ocrx_word' id='word_1_188' title='bbox 152 2170 275 2215; x_wconf 85' lang='lat' dir='ltr'><strong>turo</strong></span> <span class='ocrx_word' id='word_1_189' title='bbox 313 2166 467 2215; x_wconf 90' lang='lat' dir='ltr'><strong>uetus</strong></span> <span class='ocrx_word' id='word_1_190' title='bbox 515 2162 807 2216; x_wconf 86' lang='lat' dir='ltr'><strong>aestimabo</strong></span> <span class='ocrx_word' id='word_1_191' title='bbox 847 2161 1128 2231; x_wconf 80' lang='lat' dir='ltr'><strong>iudicium3</strong></span> <span class='ocrx_word' id='word_1_192' title='bbox 1177 2163 1394 2216; x_wconf 89' lang='lat' dir='ltr'><strong>interim</strong></span> <span class='ocrx_word' id='word_1_193' title='bbox 1433 2163 1578 2233; x_wconf 92' lang='lat' dir='ltr'><strong>quod</strong></span> <span class='ocrx_word' id='word_1_194' title='bbox 1614 2166 1772 2235; x_wconf 85' lang='lat' dir='ltr'><strong>rogat</strong></span> 
     </span>
     <span class='ocr_line' id='line_1_30' title="bbox 153 2231 1769 2305; baseline 0.002 -21"><span class='ocrx_word' id='word_1_195' title='bbox 153 2233 411 2301; x_wconf 83' lang='lat' dir='ltr'><strong>conperit,</strong></span> <span class='ocrx_word' id='word_1_196' title='bbox 450 2232 770 2303; x_wconf 87' lang='lat' dir='ltr'><strong>inpudicam.</strong></span> <span class='ocrx_word' id='word_1_197' title='bbox 823 2231 1022 2286; x_wconf 90' lang='lat' dir='ltr'><strong>Omnes</strong></span> <span class='ocrx_word' id='word_1_198' title='bbox 1061 2238 1113 2286; x_wconf 86' lang='lat' dir='ltr'><strong>te</strong></span> <span class='ocrx_word' id='word_1_199' title='bbox 1152 2234 1460 2302; x_wconf 90' lang='lat' dir='ltr'><strong>inpudicam</strong></span> <span class='ocrx_word' id='word_1_200' title='bbox 1498 2234 1769 2305; x_wconf 80' lang='lat' dir='ltr'><strong>locuntur,</strong></span> 
     </span>
    </p>
   </div>
   <div class='ocr_carea' id='block_1_6' title="bbox 154 2418 1773 2870">
    <p class='ocr_par' dir='ltr' id='par_1_13' title="bbox 452 2418 494 2467">
     <span class='ocr_line' id='line_1_31' title="bbox 452 2418 494 2467; baseline 0 0"><span class='ocrx_word' id='word_1_201' title='bbox 452 2418 494 2467; x_wconf 68' lang='grc' dir='ltr'><strong>ὓς</strong></span> 
     </span>
    </p>

    <p class='ocr_par' dir='ltr' id='par_1_14' title="bbox 154 2474 1773 2870">
     <span class='ocr_line' id='line_1_32' title="bbox 286 2474 1772 2531; baseline 0.003 -17"><span class='ocrx_word' id='word_1_202' title='bbox 286 2474 311 2514; x_wconf 80' lang='lat'><strong>2</strong></span> <span class='ocrx_word' id='word_1_203' title='bbox 344 2474 466 2516; x_wconf 84' lang='lat' dir='ltr'><strong>omni</strong></span> <span class='ocrx_word' id='word_1_204' title='bbox 495 2474 628 2516; x_wconf 78' lang='lat' dir='ltr'><strong>bonis</strong></span> <span class='ocrx_word' id='word_1_205' title='bbox 666 2476 712 2515; x_wconf 77' lang='lat'><strong>11</strong></span> <span class='ocrx_word' id='word_1_206' title='bbox 751 2474 768 2530; x_wconf 80' lang='grc' dir='ltr'><strong>ΙΙ</strong></span> <span class='ocrx_word' id='word_1_207' title='bbox 807 2478 833 2518; x_wconf 88' lang='grc'><strong>5</strong></span> <span class='ocrx_word' id='word_1_208' title='bbox 866 2482 968 2530; x_wconf 69' lang='lat' dir='ltr'><strong>poet</strong></span> <span class='ocrx_word' id='word_1_209' title='bbox 1007 2476 1269 2530; x_wconf 83' lang='lat' dir='ltr'><strong>suspicione</strong></span> <span class='ocrx_word' id='word_1_210' title='bbox 1307 2478 1352 2516; x_wconf 71' lang='lat' dir='ltr'><strong>n</strong></span> <span class='ocrx_word' id='word_1_211' title='bbox 1390 2478 1536 2518; x_wconf 80' lang='lat' dir='ltr'><strong>addit:</strong></span> <span class='ocrx_word' id='word_1_212' title='bbox 1578 2476 1717 2519; x_wconf 79' lang='lat' dir='ltr'><strong>·c)·c·</strong></span> <span class='ocrx_word' id='word_1_213' title='bbox 1759 2475 1772 2531; x_wconf 90' lang='grc' dir='ltr'><strong>ΙΙ</strong></span> 
     </span>
     <span class='ocr_line' id='line_1_33' title="bbox 154 2527 1769 2587; baseline 0.003 -18"><span class='ocrx_word' id='word_1_214' title='bbox 154 2530 180 2569; x_wconf 81' lang='grc'>6</span> <span class='ocrx_word' id='word_1_215' title='bbox 210 2527 374 2570; x_wconf 73' lang='lat' dir='ltr'><strong>detulit</strong></span> <span class='ocrx_word' id='word_1_216' title='bbox 401 2530 447 2570; x_wconf 68' lang='grc' dir='ltr'>Ι</span> <span class='ocrx_word' id='word_1_217' title='bbox 475 2528 492 2583; x_wconf 90' lang='grc' dir='ltr'>Ι</span> <span class='ocrx_word' id='word_1_218' title='bbox 526 2533 553 2573; x_wconf 78' lang='grc'>9</span> <span class='ocrx_word' id='word_1_219' title='bbox 582 2532 783 2575; x_wconf 74' lang='lat' dir='ltr'><strong>acfuisse</strong></span> <span class='ocrx_word' id='word_1_220' title='bbox 814 2533 887 2574; x_wconf 64' lang='lat' dir='ltr'><strong>Kb</strong></span> <span class='ocrx_word' id='word_1_221' title='bbox 924 2530 941 2586; x_wconf 94' lang='grc' dir='ltr'><strong>ΙΙ</strong></span> <span class='ocrx_word' id='word_1_222' title='bbox 979 2533 1023 2574; x_wconf 79' lang='lat' dir='ltr'><strong>t‘n</strong></span> <span class='ocrx_word' id='word_1_223' title='bbox 1054 2534 1100 2572; x_wconf 69' lang='grc' dir='ltr'>Π</span> <span class='ocrx_word' id='word_1_224' title='bbox 1127 2547 1285 2586; x_wconf 66' lang='lat' dir='ltr'><strong>casura</strong></span> <span class='ocrx_word' id='word_1_225' title='bbox 1316 2539 1415 2575; x_wconf 80' lang='lat' dir='ltr'><strong>ante</strong></span> <span class='ocrx_word' id='word_1_226' title='bbox 1447 2532 1613 2575; x_wconf 81' lang='lat' dir='ltr'><strong>marito</strong></span> <span class='ocrx_word' id='word_1_227' title='bbox 1643 2531 1660 2587; x_wconf 79' lang='lat' dir='ltr'>u</span> <span class='ocrx_word' id='word_1_228' title='bbox 1707 2535 1769 2574; x_wconf 91' lang='lat'><strong>11.</strong></span> 
     </span>
     <span class='ocr_line' id='line_1_34' title="bbox 157 2585 1771 2644; baseline 0.002 -19"><span class='ocrx_word' id='word_1_229' title='bbox 157 2587 207 2626; x_wconf 72' lang='lat'><strong>12</strong></span> <span class='ocrx_word' id='word_1_230' title='bbox 240 2596 374 2638; x_wconf 70' lang='lat' dir='ltr'><strong>quam</strong></span> <span class='ocrx_word' id='word_1_231' title='bbox 406 2587 665 2629; x_wconf 77' lang='lat' dir='ltr'><strong>uerecunda</strong></span> <span class='ocrx_word' id='word_1_232' title='bbox 694 2589 766 2628; x_wconf 64' lang='lat' dir='ltr'><strong>ub</strong></span> <span class='ocrx_word' id='word_1_233' title='bbox 803 2585 819 2641; x_wconf 72' lang='lat' dir='ltr'>fl</span> <span class='ocrx_word' id='word_1_234' title='bbox 859 2591 909 2630; x_wconf 79' lang='lat'><strong>12</strong></span> <span class='ocrx_word' id='word_1_235' title='bbox 940 2589 1212 2644; x_wconf 78' lang='lat' dir='ltr'><strong>pudicitiam</strong></span> <span class='ocrx_word' id='word_1_236' title='bbox 1242 2591 1287 2629; x_wconf 71' lang='lat' dir='ltr'><strong>u</strong></span> <span class='ocrx_word' id='word_1_237' title='bbox 1324 2588 1340 2643; x_wconf 83' lang='grc' dir='ltr'><strong>ΙΙ</strong></span> <span class='ocrx_word' id='word_1_238' title='bbox 1383 2591 1435 2631; x_wconf 89' lang='grc'><strong>13</strong></span> <span class='ocrx_word' id='word_1_239' title='bbox 1475 2594 1619 2644; x_wconf 82' lang='lat' dir='ltr'><strong>negat</strong></span> <span class='ocrx_word' id='word_1_240' title='bbox 1647 2590 1722 2630; x_wconf 68' lang='lat' dir='ltr'><strong>Ha</strong></span> <span class='ocrx_word' id='word_1_241' title='bbox 1755 2586 1771 2644; x_wconf 83' lang='grc' dir='ltr'><strong>ΙΙ</strong></span> 
     </span>
     <span class='ocr_line' id='line_1_35' title="bbox 154 2642 1771 2700; baseline 0.003 -18"><span class='ocrx_word' id='word_1_242' title='bbox 154 2642 459 2694; x_wconf 75' lang='lat' dir='ltr'><strong>interrogauit</strong></span> <span class='ocrx_word' id='word_1_243' title='bbox 497 2643 542 2682; x_wconf 67' lang='grc' dir='ltr'>Ι</span> <span class='ocrx_word' id='word_1_244' title='bbox 586 2642 602 2696; x_wconf 80' lang='grc' dir='ltr'><strong>ΙΙ</strong></span> <span class='ocrx_word' id='word_1_245' title='bbox 646 2646 696 2686; x_wconf 72' lang='lat'><strong>14</strong></span> <span class='ocrx_word' id='word_1_246' title='bbox 742 2645 820 2698; x_wconf 83' lang='lat' dir='ltr'><strong>qui</strong></span> <span class='ocrx_word' id='word_1_247' title='bbox 863 2646 908 2685; x_wconf 68' lang='grc' dir='ltr'>Ι</span> <span class='ocrx_word' id='word_1_248' title='bbox 947 2660 997 2688; x_wconf 89' lang='lat' dir='ltr'><strong>m.</strong></span> <span class='ocrx_word' id='word_1_249' title='bbox 1034 2660 1105 2700; x_wconf 80' lang='lat' dir='ltr'><strong>pr.</strong></span> <span class='ocrx_word' id='word_1_250' title='bbox 1147 2645 1163 2699; x_wconf 88' lang='grc' dir='ltr'><strong>ΙΙ</strong></span> <span class='ocrx_word' id='word_1_251' title='bbox 1207 2648 1271 2691; x_wconf 86' lang='grc'><strong>16.</strong></span> <span class='ocrx_word' id='word_1_252' title='bbox 1303 2649 1354 2688; x_wconf 84' lang='grc'><strong>17</strong></span> <span class='ocrx_word' id='word_1_253' title='bbox 1401 2659 1635 2700; x_wconf 88' lang='lat' dir='ltr'><strong>nunquam</strong></span> <span class='ocrx_word' id='word_1_254' title='bbox 1681 2659 1771 2688; x_wconf 90' lang='lat' dir='ltr'><strong>non</strong></span> 
     </span>
     <span class='ocr_line' id='line_1_36' title="bbox 157 2695 1772 2756; baseline 0.004 -18"><span class='ocrx_word' id='word_1_255' title='bbox 157 2695 244 2751; x_wconf 80' lang='lat' dir='ltr'><strong>[no</strong></span> <span class='ocrx_word' id='word_1_256' title='bbox 284 2696 383 2751; x_wconf 64' lang='lat' dir='ltr'><strong>nb]</strong></span> <span class='ocrx_word' id='word_1_257' title='bbox 426 2700 470 2738; x_wconf 70' lang='grc' dir='ltr'>Ι</span> <span class='ocrx_word' id='word_1_258' title='bbox 508 2713 623 2740; x_wconf 84' lang='lat' dir='ltr'><strong>cor-r.</strong></span> <span class='ocrx_word' id='word_1_259' title='bbox 661 2701 687 2740; x_wconf 80' lang='grc' dir='ltr'>Ι</span> <span class='ocrx_word' id='word_1_260' title='bbox 728 2697 795 2754; x_wconf 82' lang='lat' dir='ltr'><strong>[u.</strong></span> <span class='ocrx_word' id='word_1_261' title='bbox 831 2715 875 2754; x_wconf 87' lang='lat' dir='ltr'><strong>p.</strong></span> <span class='ocrx_word' id='word_1_262' title='bbox 912 2703 1018 2754; x_wconf 77' lang='lat'>228,</span> <span class='ocrx_word' id='word_1_263' title='bbox 1060 2700 1139 2756; x_wconf 84' lang='lat'><strong>11]</strong></span> <span class='ocrx_word' id='word_1_264' title='bbox 1183 2701 1199 2756; x_wconf 91' lang='grc' dir='ltr'><strong>ΙΙ</strong></span> <span class='ocrx_word' id='word_1_265' title='bbox 1243 2704 1295 2746; x_wconf 86' lang='grc'><strong>18</strong></span> <span class='ocrx_word' id='word_1_266' title='bbox 1334 2702 1481 2745; x_wconf 84' lang='lat' dir='ltr'><strong>habiit</strong></span> <span class='ocrx_word' id='word_1_267' title='bbox 1518 2704 1563 2742; x_wconf 70' lang='grc' dir='ltr'>Π</span> <span class='ocrx_word' id='word_1_268' title='bbox 1602 2701 1618 2755; x_wconf 87' lang='grc'><strong>11</strong></span> <span class='ocrx_word' id='word_1_269' title='bbox 1661 2715 1772 2755; x_wconf 89' lang='lat' dir='ltr'><strong>que-</strong></span> 
     </span>
     <span class='ocr_line' id='line_1_37' title="bbox 154 2755 1773 2813; baseline 0.002 -18"><span class='ocrx_word' id='word_1_270' title='bbox 154 2756 348 2796; x_wconf 80' lang='lat' dir='ltr'><strong>moniam</strong></span> <span class='ocrx_word' id='word_1_271' title='bbox 388 2756 463 2795; x_wconf 68' lang='lat'><strong>1⁸</strong></span> <span class='ocrx_word' id='word_1_272' title='bbox 501 2755 517 2807; x_wconf 77' lang='grc' dir='ltr'><strong>ΙΙ</strong></span> <span class='ocrx_word' id='word_1_273' title='bbox 567 2759 635 2797; x_wconf 79' lang='grc'><strong>26.</strong></span> <span class='ocrx_word' id='word_1_274' title='bbox 665 2757 717 2797; x_wconf 79' lang='grc'><strong>27</strong></span> <span class='ocrx_word' id='word_1_275' title='bbox 755 2757 929 2799; x_wconf 75' lang='lat' dir='ltr'><strong>Futura</strong></span> <span class='ocrx_word' id='word_1_276' title='bbox 968 2763 1071 2801; x_wconf 78' lang='lat' dir='ltr'><strong>etus</strong></span> <span class='ocrx_word' id='word_1_277' title='bbox 1108 2761 1334 2813; x_wconf 64' lang='lat' dir='ltr'><strong>estimabo</strong></span> <span class='ocrx_word' id='word_1_278' title='bbox 1374 2759 1541 2800; x_wconf 78' lang='lat' dir='ltr'><strong>iuditia</strong></span> <span class='ocrx_word' id='word_1_279' title='bbox 1570 2761 1616 2799; x_wconf 71' lang='lat' dir='ltr'><strong>u</strong></span> <span class='ocrx_word' id='word_1_280' title='bbox 1655 2759 1773 2800; x_wconf 80' lang='lat' dir='ltr'><strong>Fru-</strong></span> 
     </span>
     <span class='ocr_line' id='line_1_38' title="bbox 156 2812 1772 2870; baseline 0.002 -19"><span class='ocrx_word' id='word_1_281' title='bbox 156 2817 252 2851; x_wconf 70' lang='lat' dir='ltr'><strong>stra</strong></span> <span class='ocrx_word' id='word_1_282' title='bbox 291 2812 550 2853; x_wconf 72' lang='lat' dir='ltr'><strong>aestimabo</strong></span> <span class='ocrx_word' id='word_1_283' title='bbox 598 2826 699 2855; x_wconf 75' lang='lat' dir='ltr'><strong>csse</strong></span> <span class='ocrx_word' id='word_1_284' title='bbox 745 2812 916 2856; x_wconf 79' lang='lat' dir='ltr'><strong>indicia</strong></span> <span class='ocrx_word' id='word_1_285' title='bbox 953 2816 992 2857; x_wconf 72' lang='lat' dir='ltr'><strong>si</strong></span> <span class='ocrx_word' id='word_1_286' title='bbox 1039 2819 1217 2857; x_wconf 80' lang='lat' dir='ltr'><strong>tantum</strong></span> <span class='ocrx_word' id='word_1_287' title='bbox 1256 2817 1332 2870; x_wconf 87' lang='lat' dir='ltr'><strong>qui</strong></span> <span class='ocrx_word' id='word_1_288' title='bbox 1379 2820 1512 2869; x_wconf 83' lang='lat' dir='ltr'><strong>rogat</strong></span> <span class='ocrx_word' id='word_1_289' title='bbox 1549 2815 1772 2868; x_wconf 82' lang='lat' dir='ltr'><strong>comperit</strong></span> 
     </span>
    </p>
   </div>
   <div class='ocr_carea' id='block_1_7' title="bbox 154 2867 1775 2965">
    <p class='ocr_par' dir='ltr' id='par_1_15' title="bbox 154 2867 1775 2965">
     <span class='ocr_line' id='line_1_39' title="bbox 154 2867 1775 2965; baseline -0.001 -52"><span class='ocrx_word' id='word_1_290' title='bbox 154 2867 365 2965; x_wconf 49' lang='grc' dir='ltr'><strong>Ξίῐῖιίίἑοιπῖι</strong></span> <span class='ocrx_word' id='word_1_291' title='bbox 396 2869 443 2920; x_wconf 78' lang='lat' dir='ltr'><strong>P,</strong></span> <span class='ocrx_word' id='word_1_292' title='bbox 483 2884 597 2914; x_wconf 80' lang='lat' dir='ltr'><strong>corr,</strong></span> <span class='ocrx_word' id='word_1_293' title='bbox 631 2868 841 2913; x_wconf 73' lang='lat' dir='ltr'><strong>Bur-niun:</strong></span> <span class='ocrx_word' id='word_1_294' title='bbox 878 2884 934 2912; x_wconf 83' lang='lat' dir='ltr'><strong>an</strong></span> <span class='ocrx_word' id='word_1_295' title='bbox 975 2871 1179 2914; x_wconf 77' lang='lat' dir='ltr'><strong>futuram</strong></span> <span class='ocrx_word' id='word_1_296' title='bbox 1215 2873 1313 2915; x_wconf 87' lang='lat' dir='ltr'><strong>eius</strong></span> <span class='ocrx_word' id='word_1_297' title='bbox 1352 2872 1607 2915; x_wconf 79' lang='lat' dir='ltr'><strong>aestimabo</strong></span> <span class='ocrx_word' id='word_1_298' title='bbox 1647 2870 1775 2925; x_wconf 85' lang='lat' dir='ltr'><strong>pudi-</strong></span> 
     </span>
     <span class='ocr_line' id='line_1_40' title="bbox 270 2936 310 2965; baseline 0 0"><span class='ocrx_word' id='word_1_299' title='bbox 270 2936 310 2965; x_wconf 85' lang='lat' dir='ltr'><strong>m</strong></span> 
     </span>
    </p>
   </div>
  </div>
 </body>
</html>
