1936 3100
605 650 867 710 LIBER
927 649 1350 713 OCTAVVS.

571 859 1275 955 <CONTROVERSIA
1311 889 1390 958 L>

409 1001 649 1043 ORBATA
678 1002 833 1044 POST
863 1004 1161 1055 LAQVEVM
1194 1003 1549 1046 SACRILEGA.

99 1121 108 1132 ³
171 1110 523 1180 Magistratus
561 1111 624 1164 de
663 1113 906 1165 confessa
954 1116 1130 1165 sumat
1167 1114 1504 1183 supplicium.
1567 1115 1781 1168 Amisso

318 1180 576 1250 quaedam
615 1182 731 1234 uiro
772 1201 892 1234 cum
919 1183 1125 1235 duobus
1163 1184 1360 1253 liberis,
1401 1185 1674 1254 suspendit
1711 1205 1780 1241 se.
1807 1204 1828 1236 5

314 1251 504 1303 incidit
551 1252 600 1303 ei
636 1253 887 1320 laqueum
935 1254 1126 1305 tertius
1162 1255 1320 1307 filius,
1382 1254 1502 1324 illa,
1549 1273 1670 1308 cum
1707 1275 1785 1309 sa-

316 1322 535 1391 crilegio
574 1322 719 1375 facto
760 1323 1049 1393 sacrilegus
1088 1328 1458 1394 quaereretur,
1507 1325 1642 1378 dixit
1678 1345 1785 1379 ma-

315 1393 564 1462 gistratui
590 1411 645 1445 se
682 1392 871 1446 fecisse
899 1394 1250 1464 sacrilegium.
1299 1395 1416 1447 uult
1442 1396 1786 1465 magistratus

314 1467 589 1531 tamquam
627 1463 690 1515 de
730 1464 975 1516 confessa
1013 1465 1333 1534 supplicium
1372 1484 1606 1535 sumere,
1643 1467 1786 1520 filius

232 1569 235 1571 -
315 1533 648 1586 contradicit.
1809 1556 1851 1587 10

279 1630 441 1683 Facio
454 1673 467 1698 ‚
506 1631 729 1700 iudiceS,
768 1633 825 1684 in
863 1632 983 1686 foro
1023 1634 1166 1702 quod
1205 1634 1349 1686 domi
1385 1634 1514 1687 feci:
1561 1640 1785 1689 matrem

173 1701 313 1754 mori
349 1702 628 1770 prohibeo,
693 1701 989 1772 Quomodo,
1027 1704 1229 1772 inquid,
1268 1704 1486 1757 fecisti?
1525 1724 1630 1774 quo
1664 1707 1783 1760 loco

173 1790 308 1840 quae
358 1772 646 1824 sustuleras
685 1773 1011 1826 condidisti?
1057 1774 1313 1827 haerebat
1348 1794 1450 1828 nec
1497 1777 1784 1845 quicquam

173 1842 419 1911 sacrilegi
455 1842 561 1894 nisi
598 1861 830 1911 poenam
867 1848 1109 1897 nouerat.
1166 1846 1390 1898 Amissis
1418 1846 1623 1898 duobus
1658 1848 1784 1900 libe-

171 1918 244 1965 ris
281 1913 541 1983 sacrilega
578 1914 677 1966 sibi
725 1914 1006 1967 uidebatur
1044 1915 1188 1984 quod
1234 1917 1470 1969 uiuebat.
1532 1916 1660 1970 Non
1698 1918 1784 1970 ad·
1809 1933 1850 1966 15

173 1983 387 2035 futurus
426 1983 577 2052 ueni,
618 1984 710 2036 sed
747 1988 1070 2038 seruaturus.
1148 1986 1257 2038 Alii
1295 2005 1392 2055 pro
1430 1987 1534 2039 reis
1572 1993 1782 2057 rogant,

173 2070 274 2123 ego
323 2055 526 2133 rogabo
564 2073 725 2107 ream.
799 2055 1026 2108 Nullum
1062 2056 1225 2109 habet
1272 2061 1550 2110 accusator
1585 2058 1690 2109 nisi
1727 2064 1784 2109 in

173 2124 438 2176 subsellils
475 2125 608 2177 meis
645 2128 853 2178 testem.
927 2125 1056 2178 Non
1099 2130 1179 2179 est
1216 2127 1480 2179 confessio
1519 2127 1624 2179 nisi
1663 2146 1783 2179 cum

173 2197 450 2246 accusator
488 2198 640 2262 eruit,
678 2199 844 2265 negat
879 2214 993 2263 rea,
1032 2199 1207 2248 tortor
1244 2197 1515 2264 expressit.
1591 2197 1783 2250 Fertur

171 2264 432 2332 quaedam
486 2265 603 2316 uiso
652 2270 840 2317 contra
894 2283 1040 2332 spem
1095 2266 1206 2318 filio
1266 2267 1548 2334 expirasse.
1623 2269 1667 2320 si
1717 2268 1784 2320 ad
1806 2283 1849 2316 20

170 2337 401 2386 mortem
427 2334 540 2402 agit
575 2338 771 2386 matres
797 2352 1056 2404 magnum
1082 2336 1352 2405 gaudium,
1391 2337 1518 2406 quid
1554 2356 1782 2408 magnus

171 2403 364 2456 dolor?
414 2403 612 2472 Mater,
651 2405 817 2457 habes
856 2423 969 2457 non
1006 2407 1270 2459 mediocre
1319 2407 1594 2460 solatium:
1633 2409 1784 2461 uides

168 2474 375 2542 aliquid
425 2477 478 2526 et
526 2474 651 2527 deos
698 2475 933 2543 perdere.
1010 2475 1184 2547 Magis
1232 2478 1358 2531 deos
1403 2478 1582 2530 miseri
1622 2498 1782 2548 quam

316 2646 337 2684 1
372 2644 658 2687 CXPLICIT
696 2645 882 2687 LIBER
926 2648 1065 2688 ·VII·
1107 2648 1339 2690 INCIPIT
1388 2648 1575 2690 LIBER
1613 2650 1779 2690 ·VIII·

172 2702 243 2752 113
276 2702 350 2740 Mb
380 2715 514 2742 ason:
546 2702 621 2743 hic
653 2703 811 2743 insunt
834 2703 942 2746 CIII
977 2709 1021 2745 et
1054 2718 1077 2746 e
1110 2710 1271 2746 contra
1301 2704 1421 2748 0111.
1461 2703 1476 2758 ΙΙ
1519 2707 1542 2746 7
1574 2718 1781 2758 querere-

170 2803 246 2839 tur
275 2802 321 2839 M
343 2798 359 2853 ΙΙ
381 2801 657 2897 magistratu
687 2802 760 2840 Ma
781 2799 796 2854 ss
821 2803 874 2843 10
905 2803 1002 2844 c7d.
1033 2805 1078 2842 M
1099 2801 1114 2856 ss
1140 2805 1190 2844 17
1221 2815 1347 2845 reum
1366 2805 1440 2843 Ma
1476 2801 1492 2856 ss
1524 2805 1574 2845 18
1607 2774 1704 2844 cgm
1735 2805 1781 2842 M

170 2869 305 2909 quam
338 2871 390 2898 uu
406 2870 461 2910 90
