1936 3100
229 166 337 218 464
735 165 968 209 ANNAEI
1009 163 1285 207 SENECAE
1631 178 1674 218 p.
1691 166 1774 206 295
1791 166 1846 206 Β.

231 290 489 342 uiridium
535 289 794 342 ‘caelatas
841 289 1032 342 siluas'
1080 291 1134 341 et
1179 289 1238 340 in
1283 289 1547 356 picturam
1598 294 1847 342 ‘nemora

233 359 572 430 surgentia'?
620 364 713 412 aut
750 360 886 412 illud
923 359 1069 428 quod
1106 358 1170 411 de
1209 359 1399 411 subitis
1437 360 1701 412 mortibus
1739 378 1846 412 me-

231 431 368 483 mini
406 448 525 483 eum
566 429 848 498 dicentem,
887 448 1009 483 cum
1045 447 1144 482 uos
1181 448 1266 482 me
1305 429 1400 482 1110
1437 430 1847 498 perduxissetis:

235 500 554 569 ÷<quidquid
590 501 772 553 auium
809 501 1064 569 uolitat),
1112 499 1370 569 quidquid
1406 501 1633 568 piscium
1679 504 1849 567 natat,

233 571 496 639 quidquid
541 571 777 623 ferarum
815 571 1066 625 discurrit
1109 572 1309 623 nostris
1347 571 1603 639 sepelitur
1648 571 1848 623 uentri·
1871 582 1892 615 5

233 642 350 694 bus,
414 659 609 709 quaere
655 659 800 694 nunc
848 659 942 694 cur
987 641 1165 694 subito
1214 641 1537 694 moriamur:
1586 641 1851 694 mortibus

152 717 220 765 10
237 711 510 767 uiuimus’.
584 711 713 765 Non
751 729 906 781 ergo,
946 711 1156 764 etiamsi
1193 713 1299 764 iam
1332 712 1688 764 manumissus
1722 715 1850 778 erat,

235 782 420 834 debuit
456 782 520 835 de
570 783 717 835 corio
769 783 881 835 eius
927 782 1085 835 nobis
1133 782 1420 835 satisfieri?
1474 799 1574 834 nec
1622 799 1740 834 sum
1788 799 1853 833 ex

234 851 502 905 iudicibus
550 853 904 906 seuerissimis
942 853 1035 921 qui
1084 853 1267 915 omnia
1303 852 1370 904 ad
1421 855 1662 904 exactam
1698 869 1853 921 regu-

235 922 345 975 lam
402 923 666 993 derigam:
723 924 895 976 multa
950 923 1199 976 donanda
1255 923 1488 992 ingeniis
1543 925 1704 990 put03
1761 920 1852 974 sed
1876 934 1917 967 10

238 993 487 1046 donanda
533 994 692 1061 uitia,
740 1012 854 1047 non
899 997 1154 1062 portenta
1200 998 1339 1046 sunt.
1417 991 1473 1046 Si
1523 1011 1628 1062 qua
1674 996 1855 1044 tamen

238 1063 593 1116 tolerabiliter
639 1064 781 1117 dicta
834 1067 961 1116 sunt
1006 1082 1119 1116 non
1170 1063 1507 1130 subtraham,
1564 1063 1689 1115 licet
1744 1081 1856 1115 non

239 1133 396 1202 plura
433 1134 746 1187 uideantur:
784 1153 885 1187 uos
912 1133 1202 1187 subiciatis,
1281 1133 1466 1187 OSCVS
1505 1151 1619 1185 non
1655 1134 1856 1186 incom-

237 1203 394 1256 mode
445 1204 603 1273 dixit,
656 1204 749 1257 sed
794 1205 897 1257 sibi
942 1205 1057 1272 ipse
1103 1205 1314 1273 nocuit3
1373 1222 1499 1256 nam
1545 1203 1671 1255 dum
1717 1202 1855 1254 nihil

238 1291 353 1326 non
395 1275 663 1327 schemate
704 1274 877 1327 dicere
916 1274 1064 1343 cupit
1102 1275 1274 1327 oratio
1315 1275 1427 1326 eius
1475 1292 1588 1326 non
1625 1275 1855 1343 figurata
1880 1283 1921 1315 15

252 1347 368 1396 erat
424 1345 516 1397 sed
568 1363 751 1413 praua.
843 1345 1032 1414 Itaque
1090 1362 1204 1397 non
1269 1345 1532 1397 inurbane
1586 1343 1856 1395 PACATVS

250 1414 459 1482 rhetor,
499 1432 620 1467 cum
657 1415 738 1467 1111
775 1414 1043 1468 Massiliae
1090 1433 1247 1467 mane
1286 1414 1616 1482 occurrisset,
1654 1414 1672 1482 ΙΙ
1714 1413 1860 1465 sche-

252 1487 395 1536 mate
433 1485 588 1537 illum
613 1485 891 1538 salutauit:
930 1489 1230 1555 ‘poteram’,
1269 1485 1460 1554 inquit,
1502 1484 1722 1552 ‘dicere,
1762 1502 1859 1536 aue

256 1555 428 1607 Osce'.
479 1555 602 1624 Ipse
640 1556 706 1608 ab
745 1556 1054 1625 eloquentia
1090 1556 1322 1608 multum
1360 1555 1559 1623 aberat,
1597 1558 1755 1607 natus
1794 1553 1860 1606 ad

256 1626 610 1679 contumelias
650 1627 891 1679 omnium
927 1627 1162 1698 ingeniis
1199 1625 1506 1680 inurendaS.
1572 1625 1709 1677 nulli
1746 1642 1860 1676 non
1883 1639 1925 1672 20

163 1701 199 1748 ‘1
220 1696 507 1763 linpressit
571 1696 773 1765 aliquid
830 1697 974 1766 quod
1030 1698 1263 1767 effugere
1326 1714 1438 1749 non
1492 1698 1688 1764 posset.
1762 1694 1861 1746 Ille

244 1766 500 1819 Passieno
557 1767 732 1836 prima
788 1767 901 1820 eius
962 1768 1169 1837 syllaba
1223 1767 1282 1818 in
1339 1767 1602 1819 Graecum
1655 1767 1861 1817 mutata

247 1837 537 1889 obscenum
574 1856 775 1890 nomen
829 1839 1096 1906 inposuit,
1145 1837 1490 1890 declamatori
1539 1835 1723 1888 subtili
1771 1834 1863 1887 sed

247 1907 423 1977 arid03
481 1908 572 1961 ille
630 1907 827 1977 Sparso
884 1909 1019 1961 dixit
1075 1908 1275 1961 scolam
1337 1924 1678 1962 communem
1739 1923 1861 1958 cum

393 2080 416 2118 1
448 2078 649 2120 uirilium
679 2081 725 2118 M
760 2077 776 2132 ΙΙ
814 2080 993 2120 caelata
1025 2081 1053 2119 c
1089 2077 1104 2132 ΙΙ
1141 2079 1321 2132 pictura
1353 2081 1385 2118 T
1420 2076 1436 2130 ΙΙ
1472 2080 1497 2118 2
1530 2077 1760 2118 montibus
1791 2077 1861 2115 GT
1935 2074 1936 2077 ’

248 2134 444 2175 molibus
475 2137 520 2173 M
548 2134 564 2189 ΙΙ
599 2137 783 2177 memini
813 2150 892 2178 om.
921 2138 966 2175 M
1000 2134 1017 2189 ΙΙ
1045 2138 1072 2176 4
1101 2136 1233 2176 uerba
1264 2135 1481 2187 quidquid
1512 2134 1665 2174 auium
1697 2131 1862 2172 uolitat

249 2205 328 2231 om.
362 2192 434 2230 GT
456 2189 472 2244 ΙΙ
508 2194 534 2233 5
563 2193 694 2232 uerba
727 2192 948 2244 quidquid
978 2193 1179 2233 ferarum
1207 2205 1285 2232 om.
1317 2191 1390 2229 na
1411 2187 1427 2242 ΙΙ
1457 2188 1695 2242 tepellitur
1725 2188 1753 2226 G
1785 2187 1862 2227 de-

249 2247 435 2298 ponitur
464 2246 582 2301 ’.13116
616 2261 658 2300 q3
691 2261 813 2288 nunc
843 2250 872 2287 C
905 2249 983 2300 qui
1003 2260 1122 2288 nunc
1152 2250 1185 2286 T
1207 2244 1223 2299 ΙΙ
1245 2258 1343 2285 011111
1367 2248 1399 2285 Τ
1421 2243 1437 2298 ΙΙ
1459 2246 1485 2286 8
1515 2257 1635 2285 1111110
1668 2246 1773 2285 sunt
1808 2257 1864 2284 ex

250 2301 378 2355 11119
419 2304 496 2355 qui
526 2305 679 2344 omnia
710 2303 769 2344 ad
808 2318 885 2345 om.
918 2306 964 2342 Η
984 2301 1000 2356 ΙΙ
1022 2305 1125 2344 exta
1154 2303 1192 2341 Δ
1212 2300 1228 2355 ΙΙ
1253 2303 1304 2343 10
1334 2299 1357 2322 *
1379 2301 1578 2342 redicam
1609 2302 1638 2340 G
1677 2313 1724 2341 re
1757 2298 1865 2351 (m.2

252 2398 338 2453 rei)
371 2372 543 2441 dilicant
572 2403 618 2439 M
663 2401 866 2454 redigam
897 2403 950 2451 T,
996 2400 1206 2441 reducam
1239 2400 1370 2442 Burs.
1410 2398 1426 2452 ΙΙ
1468 2411 1517 2440 se
1546 2400 1580 2438 B
1621 2397 1637 2452 ΙΙ
1682 2400 1729 2439 11
1763 2411 1866 2451 por·

251 2460 386 2498 tanta
417 2459 455 2496 A
494 2455 510 2510 ΙΙ
549 2459 599 2497 12
639 2458 693 2498 sii
725 2458 752 2497 G
792 2454 808 2510 ΙΙ
845 2457 958 2498 licet
995 2471 1073 2498 om.
1106 2457 1151 2495 Π
1190 2455 1206 2510 ΙΙ
1244 2458 1297 2497 14
1332 2458 1435 2508 ipse
1469 2456 1562 2497 sibi
1592 2458 1624 2495 T
1663 2453 1679 2508 ΙΙ
1722 2456 1867 2495 14.15

252 2527 359 2553 nam
389 2514 430 2554 si
459 2513 576 2553 nihil
610 2517 814 2553 scemate
845 2515 890 2552 Η
911 2511 926 2566 ΙΙ
951 2515 1003 2555 15
1033 2518 1302 2554 nascemate
1333 2514 1366 2552 T
1387 2510 1403 2565 ΙΙ
1435 2513 1487 2552 16
1517 2512 1691 2553 urbane
1723 2512 1825 2550 cra.
1853 2509 1867 2563 Η
1934 2533 1936 2560 5

255 2572 307 2611 17
346 2569 527 2610 masilie
556 2570 622 2620 Μ,
663 2572 707 2610 in
745 2583 825 2622 quo
862 2570 994 2610 uerba
1031 2583 1164 2610 mane
1213 2600 1222 2610 .
1259 2599 1270 2609 .
1308 2599 1319 2610 .
1366 2568 1671 2609 contumelias
1703 2567 1761 2619 (u.
1791 2566 1867 2617 20)
1935 2570 1936 2575 ’

254 2639 332 2666 om.
364 2640 414 2668 m.
443 2639 514 2678 pr.
554 2622 573 2678 ΙΙ
614 2626 666 2666 18
697 2626 867 2678 inquit]
899 2627 1082 2678 quidem
1114 2627 1160 2664 M
1201 2623 1217 2677 ΙΙ
1257 2625 1373 2666 habe
1405 2625 1474 2664 GT
1512 2623 1528 2678 ss
1571 2626 1623 2664 19
1654 2623 1749 2664 osci
1778 2624 1824 2661 Μ
1853 2621 1866 2673 Η

256 2683 519 2734 eloquentia
546 2683 584 2721 A
624 2679 640 2734 ΙΙ
688 2683 742 2723 20
772 2682 1052 2735 inurgendas
1083 2684 1155 2722 GT
1195 2680 1211 2734 ΙΙ
1261 2683 1312 2721 21
1347 2682 1516 2734 pressit
1544 2681 1578 2720 Β
1619 2678 1636 2733 ΙΙ
1678 2678 1866 2732 effugire

255 2740 301 2777 M
329 2736 345 2792 ΙΙ
386 2739 534 2791 possit
563 2738 596 2776 Β
631 2735 647 2790 ΙΙ
678 2740 732 2778 22
763 2739 1030 2780 Passennae
1061 2741 1090 2778 c
1129 2750 1356 2791 passenne
1387 2738 1506 2776 HTa
1531 2733 1550 2790 Η
1590 2738 1634 2776 01
1663 2736 1701 2775 Δ
1729 2733 1745 2788 ΙΙ
1775 2733 1867 2787 syl-

255 2795 412 2835 labam
456 2807 641 2847 grecum
684 2799 941 2835 mutuatam
986 2798 1059 2834 Ta*
1098 2787 1269 2847 syllau'x
1315 2806 1502 2845 grecum
1549 2791 1791 2832 multatam
1838 2793 1866 2830 c

257 2851 438 2902 syllaba
476 2850 702 2891 Graecum
740 2851 922 2892 imitata
958 2851 1118 2892 Schult.
1161 2848 1177 2903 ΙΙ
1225 2853 1279 2892 23
1319 2850 1445 2891 subti
1481 2850 1511 2888 0
1557 2847 1573 2902 ΙΙ
1620 2848 1753 2888 uerba
1792 2847 1869 2888 de-

259 2907 502 2948 clamatori
541 2939 551 2949 .
582 2937 592 2948 .
622 2939 633 2950 .
674 2907 801 2948 arido
836 2913 940 2961 post
976 2907 1146 2960 Sparso
1182 2908 1426 2960 transponit
1462 2906 1519 2947 N.
1549 2904 1713 2956 Faber,
1753 2903 1793 2944 d.
1828 2916 1865 2944 s.
