1936 3100
272 262 368 303 lent
400 266 449 303 ut
489 262 703 304 ducerent
737 263 948 304 Talarius
978 268 1022 304 et

270 318 512 360 Asillius
551 319 648 360 heri
687 333 790 361 cum
831 320 888 361 iis
919 332 1023 361 con-

272 374 414 416 stitui.
474 376 690 429 Augustus
739 390 810 429 ap.
849 375 1022 420 Sueton.

271 431 405 484 Galiy.
435 429 496 485 8.]

214 485 447 529 Asinius
497 487 696 530 Gallus
741 519 751 530 .
787 517 799 529 .
830 519 841 531 .
886 490 1024 531 Pollio

273 557 374 586 cum
422 543 563 584 filium
601 543 853 586 Asinium
898 543 1023 587 Gal-

269 599 327 641 lu
336 613 379 640 m
399 600 685 653 relinqueret,
696 613 910 654 magnum
927 615 1025 643 ora-

270 660 434 709 torem,
467 658 557 699 nisi
586 656 714 699 illum
746 657 866 711 quod
887 671 1024 712 saepe

270 713 428 754 euenit
458 713 720 766 magnitudo
758 715 902 768 patris
933 727 1025 757 non

268 769 539 822 produceret
598 769 677 812 sed
700 817 705 821 „
731 771 939 813 obrueret
995 773 1024 810 c

269 825 362 866 1111
389 840 460 879 pr.
493 828 532 867 4.
1012 853 1026 865 .

214 880 396 924 Asmws
464 882 631 924 Ponmo
705 883 856 924 Caluus
924 896 1025 925 cum

270 938 451 981 uideret
489 953 516 980 a
562 938 814 981 Clientibus
855 938 1025 981 Cato-

266 996 357 1036 nis
404 995 467 1037 rei
512 996 587 1038 sui
624 995 879 1038 Pollionem
923 996 1023 1037 Asi-

269 1051 397 1092 nium
434 1051 792 1094 circumuentum
830 1053 879 1093 in
923 1052 1020 1094 foro

266 1108 429 1161 inponi
449 1121 498 1150 se
525 1121 663 1161 supra
686 1109 867 1162 cippum
887 1109 1022 1150 iussit

267 1168 312 1205 et
350 1164 521 1205 iurauit
557 1165 597 1206 si
635 1177 770 1219 quam
807 1165 1020 1206 iniuriam

268 1219 383 1261 Cato
430 1219 629 1262 Pollioni
674 1220 832 1262 Asinio
884 1233 1018 1262 accu-

267 1276 412 1318 satori
464 1289 545 1318 suo
603 1276 815 1328 fecisset,
864 1290 916 1319 se
974 1278 1023 1318 in

267 1345 367 1374 eum
431 1333 689 1375 iuraturum
752 1332 1023 1375 calumniam

268 1391 297 1428 c
327 1389 418 1431 VII
443 1390 535 1441 4,'7.
584 1390 866 1432 Moschum
886 1389 1026 1443 Apol-

267 1445 499 1487 lodoreum
539 1446 618 1500 qui
656 1459 763 1488 reus
813 1445 1025 1489 ueneficii

267 1502 355 1543 fuit
386 1506 432 1543 et
461 1516 488 1543 a
518 1502 724 1544 Pollione
758 1501 917 1545 Asinio
950 1503 1024 1544 de-

268 1558 432 1601 fensus
472 1561 500 1598 c
541 1559 586 1600 11
616 1560 658 1610 5,
679 1561 730 1601 13
764 1557 839 1613 [=
860 1561 1023 1614 Por-pk.

262 1617 339 1658 ad.
390 1616 552 1657 Horat.
612 1616 755 1668 Epist.
807 1618 839 1659 Ι·
889 1619 937 1668 5,
967 1615 1020 1671 9]

269 1684 371 1712 011111
414 1675 592 1714 mortuo
631 1673 680 1713 in
717 1670 852 1725 Syria
883 1671 1021 1715 Gaio

267 1726 456 1770 Caesare
508 1741 586 1782 per
633 1728 869 1771 codicillos
917 1741 1022 1783 que-

269 1787 366 1826 stus
404 1789 522 1826 esset
559 1785 694 1827 diuus
732 1784 1022 1838 Augustus

275 1873 284 1881 .
313 1873 322 1881 .
349 1872 360 1883 .
401 1841 520 1895 quod
556 1843 604 1883 111
645 1846 736 1884 tam
774 1853 938 1896 magno
976 1846 1023 1884 et

267 1898 441 1939 rece'nti
486 1897 614 1940 luctu
652 1911 734 1940 suo
774 1898 906 1941 homo
947 1911 1022 1941 ca-

267 1954 473 1996 rissimus
505 1955 596 1996 sibi
634 1954 767 2008 pleno
806 1956 1021 1998 conuiuio

266 2015 492 2062 cenasset,
540 2011 775 2064 rescripsit
813 2011 1021 2054 Pollio:

268 2070 342 2108 ‘eo
373 2067 445 2109 die
476 2068 637 2109 cenaui
667 2080 756 2121 quo
793 2068 1021 2110 Herium

264 2121 408 2164 filium
436 2122 600 2166 amisi’.
639 2126 668 2164 0¹
689 2124 786 2167 1111
810 2125 956 2177 praef.
979 2128 1019 2167 5.

265 2179 474 2222 Sextilius
512 2181 611 2223 Ena
650 2181 869 2223 Ciceronis
916 2194 1018 2235 pro-

265 2236 556 2289 scriptionem
618 2238 897 2283 recitaturus
970 2238 1019 2279 111

268 2291 399 2333 (101110
439 2292 658 2335 Messalae
696 2292 890 2335 Coruini
919 2292 1022 2335 Pol-

269 2347 437 2390 lionem
464 2347 674 2390 Asinium
714 2349 1022 2392 aduocauerat

267 2407 292 2444 S
332 2405 374 2455 6,
399 2406 469 2446 27.
519 2405 570 2445 A.
592 2405 643 2449 Ρ.
675 2417 917 2459 numquam
945 2406 1020 2447 ad-

265 2461 405 2503 missa
426 2460 715 2502 multitudine
733 2461 1019 2514 declamauit,

267 2529 352 2559 nec
400 2516 469 2558 illi
517 2518 707 2560 ambitio
760 2519 809 2559 in
854 2518 1020 2562 studiis

269 2573 436 2615 defuit:
470 2575 644 2627 primus
673 2575 792 2616 enim
823 2576 1021 2617 omnium

263 2630 571 2672 Romanorum
610 2630 843 2673 aduocatis
872 2631 1015 2674 homi-

263 2686 396 2728 nibus
426 2687 600 2741 scripta
628 2699 711 2730 sua
741 2688 1015 2731 recitauit

264 2742 419 2784 0¹11ss
443 2744 594 2795 praef.
613 2745 652 2784 2.
691 2743 860 2786 Audiui
885 2743 1014 2787 illum

264 2802 312 2839 et
340 2798 531 2840 uiridem
557 2804 602 2841 et
632 2805 794 2853 postea
822 2801 913 2842 iam
944 2814 1013 2843 se-

263 2866 364 2895 nem
393 2867 494 2896 cum
520 2855 790 2898 Marcello
811 2856 1011 2899 Aeser-

263 2912 394 2952 nino
426 2914 583 2966 nepoti
610 2925 692 2955 suo
724 2914 856 2967 quasi
882 2926 1011 2967 prae-

1065 2518 1116 2561 P.
1150 2516 1372 2574 [Nonius]
1431 2518 1661 2561 Aspnsms
1722 2519 1871 2574 Glyco-

942 149 1151 193 INDEX.

1126 264 1293 316 ciperet
1338 265 1392 305 ib.
1424 267 1464 306 3.
1529 265 1714 307 Memini
1753 267 1875 308 intra

1125 325 1335 374 quartum
1358 320 1476 361 diem
1500 333 1634 374 quam
1650 321 1878 364 Herium

1124 375 1267 418 filium
1280 377 1495 418 amiserat
1511 377 1760 419 declamare
1776 391 1877 421 eum

1126 433 1259 475 nobis
1309 433 1364 474 ib.
1394 435 1434 474 4.
1501 433 1725 476 Floridior
1781 440 1878 476 erat

1127 488 1372 542 aliquando
1420 490 1470 530 in
1520 489 1877 532 declamando

1127 558 1261 600 quam
1297 547 1346 588 in
1385 545 1579 599 agendo:
1620 546 1735 588 illud
1775 548 1878 589 stri·

1129 605 1252 644 ctum
1281 603 1376 643 eius
1412 607 1458 644 et
1488 615 1704 655 asperum
1734 608 1779 645 et
1809 604 1877 644 ni-

1126 659 1210 699 mis
1247 659 1413 699 iratum
1458 659 1644 712 ingenio
1691 673 1774 701 suo
1812 660 1880 700 iu-

1127 714 1294 755 dicium
1323 715 1435 756 adeo
1476 716 1705 767 cessabat,
1741 718 1794 757 ut
1830 716 1881 757 in

1126 771 1280 813 multis
1317 770 1389 812 illi
1427 773 1559 813 uenia
1606 785 1720 825 opus
1760 778 1881 815 esset

1127 840 1242 881 quae
1270 827 1327 868 ab
1366 828 1467 882 ipso
1508 829 1586 868 uix
1622 829 1882 882 inpetraba-

1127 889 1203 926 tur
1232 884 1291 925 ib.
1321 886 1362 927 3.
1408 915 1419 925 .
1445 915 1456 925 .
1483 915 1492 927 .
1522 885 1614 926 nisi
1644 884 1808 926 scirem
1836 889 1880 926 et

1126 939 1381 983 Pollionem
1401 940 1613 982 Asinium
1637 970 1647 982 .
1665 971 1675 981 .
1693 971 1703 983 .
1732 942 1880 982 minus

1126 996 1235 1039 bene
1273 996 1418 1039 uideri
1456 1010 1592 1052 quam
1629 996 1882 1039 Cestium

1124 1057 1205 1095 aut
1225 1053 1525 1096 Latronem
1546 1053 1617 1095 111
1645 1055 1789 1107 praef.
1814 1055 1877 1094 14.

1124 1111 1269 1151 Asinii
1324 1111 1520 1152 iudicium
1575 1123 1768 1152 seuerum
1827 1112 1881 1151 de

1122 1164 1295 1208 Arellio
1334 1165 1483 1209 Fusco
1524 1167 1550 1205 S
1589 1168 1630 1218 2,
1655 1167 1722 1208 10.
1792 1165 1878 1206 Bu-

1121 1226 1259 1264 teone
1290 1224 1319 1262 0
1350 1222 1438 1265 V11
1464 1224 1556 1274 4,3.
1607 1223 1661 1274 Q.
1683 1221 1881 1264 Haterio

1125 1279 1190 1320 1v
1218 1279 1363 1331 praef.
1386 1280 1453 1320 11.
1490 1279 1656 1321 Porcio
1673 1278 1878 1321 Latrone

1126 1337 1155 1374 0
1193 1333 1240 1376 11
1277 1337 1319 1385 3,
1346 1336 1411 1377 13.
1469 1334 1645 1377 Triario
1685 1337 1714 1374 0
1752 1334 1799 1377 11
1837 1338 1878 1386 3,

1129 1392 1181 1433 19
1211 1389 1265 1432 (16
1295 1391 1502 1446 Hispone
1534 1390 1771 1443 Romanio,
1813 1390 1883 1433 Si-

1126 1446 1230 1489 lone
1253 1448 1487 1502 Pompeio,
1522 1446 1679 1490 Cestio
1712 1450 1758 1489 et
1789 1447 1877 1490 La-

1128 1509 1259 1546 trone
1286 1507 1315 1544 c
1342 1504 1408 1547 IV
1437 1505 1478 1557 6,
1495 1505 1537 1546 4.
1557 1505 1596 1546 5.
1640 1505 1694 1551 de
1714 1506 1882 1547 incerto

1126 1562 1155 1599 c
1187 1560 1234 1602 11
1261 1563 1300 1612 5,
1326 1563 1391 1604 10.
1431 1561 1646 1615 Iniquitas
1676 1573 1782 1614 crya
1804 1560 1879 1602 Ci·
1923 1566 1936 1614 *3

1127 1628 1331 1658 ceronem
1354 1619 1379 1656 S
1410 1619 1452 1667 6,
1477 1619 1543 1662 15.
1558 1618 1628 1659 27.
1675 1616 1881 1660 infestis·

1126 1674 1265 1715 simus
1312 1673 1459 1716 famae
1497 1672 1732 1715 Ciceronis
1782 1687 1880 1728 per·
1922 1699 1936 1725 ,-

1124 1730 1292 1772 mansit
1320 1735 1366 1773 et
1398 1761 1407 1772 .
1426 1760 1436 1772 .
1469 1730 1753 1772 occasionem
1783 1743 1878 1772 sco-

1123 1785 1300 1829 lasticis
1376 1786 1565 1828 alterius
1641 1788 1875 1829 suasoriae
1919 1790 1934 1837 ’,Ι

1123 1842 1246 1884 dedit
1276 1845 1302 1882 S
1342 1844 1383 1895 6,
1406 1845 1471 1885 14.
1529 1843 1734 1885 laudabat
1780 1857 1876 1886 sen-
1923 1843 1932 1870 *

1121 1903 1279 1941 centias
1326 1900 1496 1941 Albucii
1542 1912 1655 1953 quas
1707 1901 1876 1953 optime
1917 1872 1931 1938 l

1123 1955 1251 1998 albas
1303 1955 1452 1998 uiolas
1503 1955 1698 1998 uocabat
1728 1959 1758 1997 c
1788 1956 1877 2000 V11
1921 1958 1936 2008 {¹

1122 2013 1268 2064 praef.
1297 2014 1324 2054 2
1363 2018 1406 2055 ec
1447 2012 1575 2054 Vibii
1623 2011 1726 2054 Rufi
1767 2012 1880 2056 VIII
1910 2005 1928 2063 η(

1122 2070 1170 2120 2,
1191 2070 1260 2113 25.
1340 2069 1634 2122 Fraymencum
1679 2082 1737 2110 ex
1767 2083 1878 2121 ,or-a·
1910 2078 1914 2080 ’

1120 2126 1235 2167 tione
1263 2138 1345 2178 pro
1367 2126 1553 2166 Lamia
1583 2125 1609 2164 S
1639 2125 1681 2175 6,
1708 2127 1772 2170 15.
1819 2139 1876 2178 ex
1899 2135 1909 2160 -’

1121 2182 1392 2223 Historiis
1434 2183 1612 2235 elogium
1658 2181 1906 2235 CicerOnis·

1120 2239 1145 2276 S
1186 2238 1227 2286 6,
1250 2239 1319 2281 24.
1371 2239 1607 2280 sentenciae
1637 2251 1696 2279 ex
1733 2239 1896 2280 decla-⁷

1122 2293 1373 2336 mationibus
1393 2293 1534 2336 01111
1563 2295 1663 2345 2‚5;
1696 2294 1800 2348 VII,
1835 2297 1896 2346 1„

1122 2351 1174 2401 43
1233 2351 1274 2402 6,
1298 2352 1363 2391 12.
1442 2352 1609 2392 colores
1658 2349 1682 2391 1
1732 2351 1871 2402 6,11;

1122 2405 1210 2448 V11
1249 2408 1287 2458 l,
1309 2408 1379 2450 22.
1439 2412 1676 2460 praecepta
1713 2409 1766 2448 de
1805 2420 1874 2448 co·

1121 2465 1213 2504 lore
1244 2465 1273 2503 G
1303 2462 1398 2505 1111
1428 2466 1467 2506 3.
1884 2473 1887 2475 ’

1122 2577 1188 2616 nis
1208 2575 1326 2617 dixit
1350 2588 1537 2618 sensum
1558 2575 1711 2616 eodem
1727 2575 1872 2628 modo,

1116 2644 1207 2673 uno
1230 2631 1367 2674 uerbo
1391 2633 1533 2685 magis
1558 2633 1741 2686 proprio
1763 2644 1872 2675 usus

1116 2690 1144 2728 c
1176 2687 1218 2729 X
1254 2690 1382 2740 4,19.
1434 2691 1524 2730 eius
1561 2690 1799 2730 sententiae
1846 2693 1872 2731 S

1115 2746 1157 2796 7,
1178 2746 1226 2792 43
1266 2747 1295 2785 G
1325 2745 1346 2786 I
1382 2746 1475 2798 l,5;
1517 2745 1627 2797 2,9;
1667 2747 1708 2798 4,
1731 2744 1867 2799 2123

1113 2801 1154 2851 8,
1173 2802 1308 2853 4-6;
1358 2801 1405 2843 ΙΙ
1444 2802 1546 2853 2,4;
1603 2801 1709 2854 3,8;
1761 2802 1868 2853 6,3;
1933 2834 1936 2843 .

1112 2856 1199 2898 VII
1219 2857 1317 2910 8,6;
1349 2857 1487 2899 VIIII
1516 2858 1626 2910 2,3;
1657 2859 1697 2908 4,
1723 2858 1786 2900 19.
1800 2859 1868 2902 25,

1112 2915 1230 2955 color
1261 2916 1290 2953 0
1321 2913 1343 2955 1
1372 2914 1500 2965 8‚12;
1534 2913 1581 2955 Π
1617 2915 1732 2964 3,18.
1879 2910 1908 2945 ’Ὺ
