<?xml version="1.0" encoding="UTF-8"?>
<!DOCTYPE html PUBLIC "-//W3C//DTD XHTML 1.0 Transitional//EN"
    "http://www.w3.org/TR/xhtml1/DTD/xhtml1-transitional.dtd">
<html xmlns="http://www.w3.org/1999/xhtml" xml:lang="en" lang="en">
 <head>
  <title>
</title>
<meta http-equiv="Content-Type" content="text/html;charset=utf-8" />
  <meta name='ocr-system' content='tesseract 3.04.00' />
  <meta name='ocr-capabilities' content='ocr_page ocr_carea ocr_par ocr_line ocrx_word'/>
</head>
<body>
  <div class='ocr_page' id='page_1' title='image "./oratorumetrhetor00seneuoft/oratorumetrhetor00seneuoft_0389.png"; bbox 0 0 1936 3100; ppageno 0'>
   <div class='ocr_carea' id='block_1_1' title="bbox 0 0 715 233">
    <p class='ocr_par' dir='ltr' id='par_1_1' title="bbox 0 0 715 233">
     <span class='ocr_line' id='line_1_1' title="bbox 0 0 715 233; baseline 0 -186"><span class='ocrx_word' id='word_1_1' title='bbox 0 0 715 233; x_wconf 95' lang='lat' dir='ltr'>     </span> <span class='ocrx_word' id='word_1_2' title='bbox 569 35 609 47; x_wconf 95' lang='lat' dir='ltr'> </span> 
     </span>
    </p>
   </div>
   <div class='ocr_carea' id='block_1_2' title="bbox 444 35 743 73">
    <p class='ocr_par' dir='ltr' id='par_1_2' title="bbox 444 35 743 73">
     <span class='ocr_line' id='line_1_2' title="bbox 444 35 743 73; baseline 0.007 -18"><span class='ocrx_word' id='word_1_3' title='bbox 444 42 490 60; x_wconf 30' lang='lat' dir='ltr'>,ui</span> <span class='ocrx_word' id='word_1_4' title='bbox 523 40 604 60; x_wconf 43' lang='grc' dir='ltr'>δὴν·</span> <span class='ocrx_word' id='word_1_5' title='bbox 631 35 670 56; x_wconf 55' lang='grc' dir='ltr'>ζ’</span> <span class='ocrx_word' id='word_1_6' title='bbox 715 39 743 73; x_wconf 46' lang='grc' dir='ltr'>γ’</span> 
     </span>
    </p>
   </div>
   <div class='ocr_carea' id='block_1_3' title="bbox 154 141 1783 206">
    <p class='ocr_par' dir='ltr' id='par_1_3' title="bbox 154 141 1783 206">
     <span class='ocr_line' id='line_1_3' title="bbox 154 141 1783 206; baseline -0.002 -12"><span class='ocrx_word' id='word_1_7' title='bbox 154 153 293 206; x_wconf 79' lang='lat' dir='ltr'>p.411</span> <span class='ocrx_word' id='word_1_8' title='bbox 313 151 364 196; x_wconf 81' lang='grc' dir='ltr'>Β.</span> <span class='ocrx_word' id='word_1_9' title='bbox 519 147 848 192; x_wconf 72' lang='lat' dir='ltr'>EXCERPTA</span> <span class='ocrx_word' id='word_1_10' title='bbox 877 141 1332 200; x_wconf 75' lang='lat' dir='ltr'><strong>CONTROV.&#39;LIB.</strong></span> <span class='ocrx_word' id='word_1_11' title='bbox 1361 147 1468 191; x_wconf 85' lang='lat' dir='ltr'>v11.</span> <span class='ocrx_word' id='word_1_12' title='bbox 1674 145 1783 201; x_wconf 82' lang='lat'>369</span> 
     </span>
    </p>
   </div>
   <div class='ocr_carea' id='block_1_4' title="bbox 27 271 1781 2462">
    <p class='ocr_par' dir='ltr' id='par_1_4' title="bbox 155 271 1778 566">
     <span class='ocr_line' id='line_1_4' title="bbox 155 271 1777 344; baseline -0.002 -16"><span class='ocrx_word' id='word_1_13' title='bbox 155 279 294 329; x_wconf 87' lang='lat' dir='ltr'>trem</span> <span class='ocrx_word' id='word_1_14' title='bbox 339 275 496 328; x_wconf 90' lang='lat' dir='ltr'>aliter</span> <span class='ocrx_word' id='word_1_15' title='bbox 542 293 704 344; x_wconf 85' lang='lat' dir='ltr'>quam</span> <span class='ocrx_word' id='word_1_16' title='bbox 752 274 1049 344; x_wconf 83' lang='lat' dir='ltr'>parricidae</span> <span class='ocrx_word' id='word_1_17' title='bbox 1085 273 1262 327; x_wconf 89' lang='lat' dir='ltr'>mori&#39;.</span> <span class='ocrx_word' id='word_1_18' title='bbox 1337 271 1516 341; x_wconf 90' lang='lat' dir='ltr'>Viuit,</span> <span class='ocrx_word' id='word_1_19' title='bbox 1566 273 1777 342; x_wconf 85' lang='lat' dir='ltr'>inquid,</span> 
     </span>
     <span class='ocr_line' id='line_1_5' title="bbox 155 343 1777 413; baseline -0.001 -14"><span class='ocrx_word' id='word_1_20' title='bbox 155 347 338 399; x_wconf 86' lang='lat' dir='ltr'>frater.</span> <span class='ocrx_word' id='word_1_21' title='bbox 398 363 514 399; x_wconf 92' lang='lat' dir='ltr'>non</span> <span class='ocrx_word' id='word_1_22' title='bbox 550 345 726 398; x_wconf 89' lang='lat' dir='ltr'>cred0.</span> <span class='ocrx_word' id='word_1_23' title='bbox 790 345 1054 412; x_wconf 84' lang='lat' dir='ltr'>seruauit,</span> <span class='ocrx_word' id='word_1_24' title='bbox 1092 343 1295 413; x_wconf 89' lang='lat' dir='ltr'>inquit,</span> <span class='ocrx_word' id='word_1_25' title='bbox 1334 361 1435 396; x_wconf 91' lang='lat' dir='ltr'>me.</span> <span class='ocrx_word' id='word_1_26' title='bbox 1498 343 1675 396; x_wconf 77' lang='lat' dir='ltr'><strong>fecisti</strong></span> <span class='ocrx_word' id='word_1_27' title='bbox 1712 348 1777 398; x_wconf 89' lang='lat' dir='ltr'>ut</span> 
     </span>
     <span class='ocr_line' id='line_1_6' title="bbox 156 413 1777 484; baseline -0.001 -15"><span class='ocrx_word' id='word_1_28' title='bbox 156 416 440 470; x_wconf 83' lang='lat' dir='ltr'>crederem.</span> <span class='ocrx_word' id='word_1_29' title='bbox 515 416 582 469; x_wconf 94' lang='lat' dir='ltr'>In</span> <span class='ocrx_word' id='word_1_30' title='bbox 629 416 789 470; x_wconf 94' lang='lat' dir='ltr'>domo</span> <span class='ocrx_word' id='word_1_31' title='bbox 837 416 896 468; x_wconf 93' lang='lat' dir='ltr'>in</span> <span class='ocrx_word' id='word_1_32' title='bbox 934 433 1040 484; x_wconf 89' lang='lat' dir='ltr'>qua</span> <span class='ocrx_word' id='word_1_33' title='bbox 1074 417 1186 468; x_wconf 91' lang='lat' dir='ltr'>tam</span> <span class='ocrx_word' id='word_1_34' title='bbox 1232 413 1390 468; x_wconf 86' lang='lat' dir='ltr'>facile</span> <span class='ocrx_word' id='word_1_35' title='bbox 1426 414 1777 483; x_wconf 86' lang='lat' dir='ltr'>parricidium</span> 
     </span>
     <span class='ocr_line' id='line_1_7' title="bbox 158 483 1778 566; baseline -0.002 -26"><span class='ocrx_word' id='word_1_36' title='bbox 158 487 418 540; x_wconf 86' lang='lat' dir='ltr'>creditum</span> <span class='ocrx_word' id='word_1_37' title='bbox 457 490 554 555; x_wconf 89' lang='lat' dir='ltr'>est,</span> <span class='ocrx_word' id='word_1_38' title='bbox 594 503 694 566; x_wconf 81' lang='lat' dir='ltr'>ego</span> <span class='ocrx_word' id='word_1_39' title='bbox 732 486 955 539; x_wconf 87' lang='lat' dir='ltr'>fratrem</span> <span class='ocrx_word' id='word_1_40' title='bbox 980 484 1220 539; x_wconf 89' lang='lat' dir='ltr'>occidere</span> <span class='ocrx_word' id='word_1_41' title='bbox 1250 502 1364 538; x_wconf 93' lang='lat' dir='ltr'>non</span> <span class='ocrx_word' id='word_1_42' title='bbox 1399 484 1571 554; x_wconf 79' lang='lat' dir='ltr'>potui,</span> <span class='ocrx_word' id='word_1_43' title='bbox 1610 483 1778 538; x_wconf 87' lang='lat' dir='ltr'>frater</span> 
     </span>
    </p>

    <p class='ocr_par' dir='ltr' id='par_1_5' title="bbox 91 554 1781 1330">
     <span class='ocr_line' id='line_1_8' title="bbox 112 554 1779 627; baseline -0.002 -16"><span class='ocrx_word' id='word_1_44' title='bbox 112 572 133 602; x_wconf 85' lang='lat'>⁵</span> <span class='ocrx_word' id='word_1_45' title='bbox 156 563 382 627; x_wconf 85' lang='lat' dir='ltr'>patrem.</span> <span class='ocrx_word' id='word_1_46' title='bbox 456 556 763 625; x_wconf 89' lang='lat' dir='ltr'>Descnptio</span> <span class='ocrx_word' id='word_1_47' title='bbox 818 555 1178 624; x_wconf 78' lang='lat' dir='ltr'>tempestatis:</span> <span class='ocrx_word' id='word_1_48' title='bbox 1238 555 1542 608; x_wconf 75' lang='lat' dir='ltr'>emicabant</span> <span class='ocrx_word' id='word_1_49' title='bbox 1599 554 1779 608; x_wconf 89' lang='lat' dir='ltr'>densis</span> 
     </span>
     <span class='ocr_line' id='line_1_9' title="bbox 154 625 1781 696; baseline -0.002 -16"><span class='ocrx_word' id='word_1_50' title='bbox 154 628 391 696; x_wconf 89' lang='lat' dir='ltr'>undique</span> <span class='ocrx_word' id='word_1_51' title='bbox 436 627 671 679; x_wconf 90' lang='lat' dir='ltr'>nubibus</span> <span class='ocrx_word' id='word_1_52' title='bbox 717 626 949 679; x_wconf 88' lang='lat' dir='ltr'>fulmina</span> <span class='ocrx_word' id='word_1_53' title='bbox 985 630 1040 679; x_wconf 89' lang='lat' dir='ltr'>et</span> <span class='ocrx_word' id='word_1_54' title='bbox 1084 629 1430 695; x_wconf 89' lang='lat' dir='ltr'>tempestates</span> <span class='ocrx_word' id='word_1_55' title='bbox 1477 625 1727 679; x_wconf 84' lang='lat' dir='ltr'>horridae</span> <span class='ocrx_word' id='word_1_56' title='bbox 1766 626 1781 696; x_wconf 81' lang='grc'>11</span> 
     </span>
     <span class='ocr_line' id='line_1_10' title="bbox 154 696 1778 766; baseline -0.001 -16"><span class='ocrx_word' id='word_1_57' title='bbox 154 698 548 751; x_wconf 81' lang='lat' dir='ltr'>absconderant</span> <span class='ocrx_word' id='word_1_58' title='bbox 594 696 760 766; x_wconf 82' lang='lat' dir='ltr'>diem3</span> <span class='ocrx_word' id='word_1_59' title='bbox 808 697 1140 750; x_wconf 84' lang='lat' dir='ltr'>intumuerat</span> <span class='ocrx_word' id='word_1_60' title='bbox 1174 714 1322 749; x_wconf 90' lang='lat' dir='ltr'>mare</span> <span class='ocrx_word' id='word_1_61' title='bbox 1368 696 1523 750; x_wconf 89' lang='lat' dir='ltr'>iustis</span> <span class='ocrx_word' id='word_1_62' title='bbox 1562 714 1778 766; x_wconf 89' lang='lat' dir='ltr'>quoque</span> 
     </span>
     <span class='ocr_line' id='line_1_11' title="bbox 153 767 1779 839; baseline -0.001 -18"><span class='ocrx_word' id='word_1_63' title='bbox 153 769 387 839; x_wconf 86' lang='lat' dir='ltr'>nauigiis</span> <span class='ocrx_word' id='word_1_64' title='bbox 424 768 768 821; x_wconf 90' lang='lat' dir='ltr'>horrendum.</span> <span class='ocrx_word' id='word_1_65' title='bbox 844 767 1050 835; x_wconf 80' lang='lat' dir='ltr'>HabeS,</span> <span class='ocrx_word' id='word_1_66' title='bbox 1088 768 1336 836; x_wconf 89' lang='lat' dir='ltr'>inquam,</span> <span class='ocrx_word' id='word_1_67' title='bbox 1374 767 1567 835; x_wconf 88' lang='lat' dir='ltr'>frater,</span> <span class='ocrx_word' id='word_1_68' title='bbox 1617 767 1663 820; x_wconf 91' lang='lat' dir='ltr'>si</span> <span class='ocrx_word' id='word_1_69' title='bbox 1699 767 1779 820; x_wconf 93' lang='lat' dir='ltr'>in-</span> 
     </span>
     <span class='ocr_line' id='line_1_12' title="bbox 152 837 1779 920; baseline 0 -29"><span class='ocrx_word' id='word_1_70' title='bbox 152 857 355 892; x_wconf 91' lang='lat' dir='ltr'>nocens</span> <span class='ocrx_word' id='word_1_71' title='bbox 381 857 454 904; x_wconf 77' lang='grc'>83,</span> <span class='ocrx_word' id='word_1_72' title='bbox 493 839 790 920; x_wconf 80' lang='lat' dir='ltr'>nauigium,</span> <span class='ocrx_word' id='word_1_73' title='bbox 832 839 876 891; x_wconf 92' lang='lat' dir='ltr'>si</span> <span class='ocrx_word' id='word_1_74' title='bbox 902 856 1122 907; x_wconf 87' lang='lat' dir='ltr'>nocens,</span> <span class='ocrx_word' id='word_1_75' title='bbox 1160 838 1406 890; x_wconf 91' lang='lat' dir='ltr'>culleum.</span> <span class='ocrx_word' id='word_1_76' title='bbox 1456 837 1586 891; x_wconf 92' lang='lat' dir='ltr'>Non</span> <span class='ocrx_word' id='word_1_77' title='bbox 1622 839 1779 907; x_wconf 92' lang='lat' dir='ltr'>potui</span> 
     </span>
     <span class='ocr_line' id='line_1_13' title="bbox 93 907 1778 980; baseline -0.001 -17"><span class='ocrx_word' id='word_1_78' title='bbox 93 926 132 956; x_wconf 77' lang='grc' dir='ltr'>ιο</span> <span class='ocrx_word' id='word_1_79' title='bbox 154 909 329 963; x_wconf 84' lang='lat' dir='ltr'>facere</span> <span class='ocrx_word' id='word_1_80' title='bbox 388 909 733 980; x_wconf 79' lang='lat' dir='ltr'>parricidlum</span> <span class='ocrx_word' id='word_1_81' title='bbox 792 940 856 948; x_wconf 91' lang='lat'>—-</span> <span class='ocrx_word' id='word_1_82' title='bbox 916 927 1079 978; x_wconf 88' lang='lat' dir='ltr'>quam</span> <span class='ocrx_word' id='word_1_83' title='bbox 1133 907 1291 960; x_wconf 87' lang='lat' dir='ltr'>facile</span> <span class='ocrx_word' id='word_1_84' title='bbox 1355 926 1593 961; x_wconf 85' lang='lat' dir='ltr'>erramus</span> <span class='ocrx_word' id='word_1_85' title='bbox 1667 927 1778 962; x_wconf 92' lang='lat' dir='ltr'>om-</span> 
     </span>
     <span class='ocr_line' id='line_1_14' title="bbox 152 978 1774 1048; baseline -0.001 -15"><span class='ocrx_word' id='word_1_86' title='bbox 152 999 246 1033; x_wconf 89' lang='lat' dir='ltr'>nes</span> <span class='ocrx_word' id='word_1_87' title='bbox 287 1012 353 1019; x_wconf 89' lang='lat'>-—</span> <span class='ocrx_word' id='word_1_88' title='bbox 392 985 446 1033; x_wconf 87' lang='lat' dir='ltr'>et</span> <span class='ocrx_word' id='word_1_89' title='bbox 480 979 683 1033; x_wconf 78' lang='lat' dir='ltr'>factum</span> <span class='ocrx_word' id='word_1_90' title='bbox 718 979 923 1048; x_wconf 91' lang='lat' dir='ltr'>putaui.</span> <span class='ocrx_word' id='word_1_91' title='bbox 982 978 1186 1046; x_wconf 83' lang='lat' dir='ltr'>Frater,</span> <span class='ocrx_word' id='word_1_92' title='bbox 1226 978 1432 1047; x_wconf 90' lang='lat' dir='ltr'>inquid,</span> <span class='ocrx_word' id='word_1_93' title='bbox 1470 982 1530 1031; x_wconf 89' lang='lat' dir='ltr'>tu</span> <span class='ocrx_word' id='word_1_94' title='bbox 1567 979 1774 1047; x_wconf 87' lang='lat' dir='ltr'>primus</span> 
     </span>
     <span class='ocr_line' id='line_1_15' title="bbox 155 1048 1774 1120; baseline -0.001 -16"><span class='ocrx_word' id='word_1_95' title='bbox 155 1052 212 1103; x_wconf 90' lang='lat' dir='ltr'>in</span> <span class='ocrx_word' id='word_1_96' title='bbox 250 1051 409 1104; x_wconf 93' lang='lat' dir='ltr'>domo</span> <span class='ocrx_word' id='word_1_97' title='bbox 448 1049 795 1119; x_wconf 87' lang='lat' dir='ltr'>parricidium</span> <span class='ocrx_word' id='word_1_98' title='bbox 831 1049 1012 1102; x_wconf 72' lang='lat' dir='ltr'>facies</span> <span class='ocrx_word' id='word_1_99' title='bbox 1075 1048 1292 1101; x_wconf 89' lang='lat' dir='ltr'>Iacebat</span> <span class='ocrx_word' id='word_1_100' title='bbox 1328 1049 1387 1100; x_wconf 93' lang='lat' dir='ltr'>in</span> <span class='ocrx_word' id='word_1_101' title='bbox 1424 1048 1583 1120; x_wconf 81' lang='lat' dir='ltr'>litore</span> <span class='ocrx_word' id='word_1_102' title='bbox 1620 1051 1774 1102; x_wconf 85' lang='lat' dir='ltr'>naui-</span> 
     </span>
     <span class='ocr_line' id='line_1_16' title="bbox 150 1118 1771 1191; baseline -0.001 -17"><span class='ocrx_word' id='word_1_103' title='bbox 150 1122 317 1191; x_wconf 84' lang='lat' dir='ltr'>gium,</span> <span class='ocrx_word' id='word_1_104' title='bbox 343 1122 489 1191; x_wconf 88' lang='lat' dir='ltr'>quod</span> <span class='ocrx_word' id='word_1_105' title='bbox 525 1121 687 1174; x_wconf 88' lang='lat' dir='ltr'>etiam</span> <span class='ocrx_word' id='word_1_106' title='bbox 723 1121 998 1189; x_wconf 86' lang='lat' dir='ltr'>integrum</span> <span class='ocrx_word' id='word_1_107' title='bbox 1033 1118 1323 1172; x_wconf 87' lang='lat' dir='ltr'>infeliciter</span> <span class='ocrx_word' id='word_1_108' title='bbox 1358 1123 1593 1173; x_wconf 89' lang='lat' dir='ltr'>uexerat.</span> <span class='ocrx_word' id='word_1_109' title='bbox 1647 1119 1771 1174; x_wconf 84' lang='lat' dir='ltr'>Cre-</span> 
     </span>
     <span class='ocr_line' id='line_1_17' title="bbox 153 1190 1777 1262; baseline 0.001 -19"><span class='ocrx_word' id='word_1_110' title='bbox 153 1191 276 1244; x_wconf 87' lang='lat' dir='ltr'>dam</span> <span class='ocrx_word' id='word_1_111' title='bbox 312 1191 651 1262; x_wconf 84' lang='lat' dir='ltr'>parricidam,</span> <span class='ocrx_word' id='word_1_112' title='bbox 690 1192 736 1243; x_wconf 90' lang='lat' dir='ltr'>si</span> <span class='ocrx_word' id='word_1_113' title='bbox 761 1191 861 1244; x_wconf 90' lang='lat' dir='ltr'>tibi</span> <span class='ocrx_word' id='word_1_114' title='bbox 896 1190 1261 1259; x_wconf 87' lang='lat' dir='ltr'>proficiscenti</span> <span class='ocrx_word' id='word_1_115' title='bbox 1298 1190 1580 1260; x_wconf 85' lang='lat' dir='ltr'>nauigium</span> <span class='ocrx_word' id='word_1_116' title='bbox 1619 1209 1777 1244; x_wconf 86' lang='lat' dir='ltr'>suum</span> 
     </span>
     <span class='ocr_line' id='line_1_18' title="bbox 91 1261 1780 1330; baseline -0.001 -14"><span class='ocrx_word' id='word_1_117' title='bbox 91 1276 133 1309; x_wconf 76' lang='grc'>15</span> <span class='ocrx_word' id='word_1_118' title='bbox 154 1261 398 1316; x_wconf 80' lang='lat' dir='ltr'>reddidit.</span> <span class='ocrx_word' id='word_1_119' title='bbox 474 1261 664 1316; x_wconf 87' lang='lat' dir='ltr'>Subito</span> <span class='ocrx_word' id='word_1_120' title='bbox 713 1262 847 1314; x_wconf 91' lang='lat' dir='ltr'>mihi</span> <span class='ocrx_word' id='word_1_121' title='bbox 904 1279 1025 1314; x_wconf 91' lang='lat' dir='ltr'>cum</span> <span class='ocrx_word' id='word_1_122' title='bbox 1081 1261 1263 1313; x_wconf 87' lang='lat' dir='ltr'>animo</span> <span class='ocrx_word' id='word_1_123' title='bbox 1318 1261 1523 1330; x_wconf 85' lang='lat' dir='ltr'>pariter</span> <span class='ocrx_word' id='word_1_124' title='bbox 1581 1262 1780 1315; x_wconf 89' lang='lat' dir='ltr'>excidit</span> 
     </span>
    </p>

    <p class='ocr_par' dir='ltr' id='par_1_6' title="bbox 27 1331 1781 2462">
     <span class='ocr_line' id='line_1_19' title="bbox 27 1331 1775 1402; baseline 0 -16"><span class='ocrx_word' id='word_1_125' title='bbox 27 1331 33 1333; x_wconf 69' lang='grc'><strong>’</strong></span> <span class='ocrx_word' id='word_1_126' title='bbox 157 1333 377 1402; x_wconf 86' lang='lat' dir='ltr'>ferrum,</span> <span class='ocrx_word' id='word_1_127' title='bbox 405 1337 459 1386; x_wconf 90' lang='lat' dir='ltr'>et</span> <span class='ocrx_word' id='word_1_128' title='bbox 483 1333 663 1386; x_wconf 88' lang='lat' dir='ltr'>nescio</span> <span class='ocrx_word' id='word_1_129' title='bbox 691 1351 798 1401; x_wconf 90' lang='lat' dir='ltr'>qua</span> <span class='ocrx_word' id='word_1_130' title='bbox 834 1331 1240 1401; x_wconf 85' lang='lat' dir='ltr'>perturbatione</span> <span class='ocrx_word' id='word_1_131' title='bbox 1265 1331 1519 1384; x_wconf 86' lang='lat' dir='ltr'>tenebrae</span> <span class='ocrx_word' id='word_1_132' title='bbox 1558 1335 1775 1402; x_wconf 87' lang='lat' dir='ltr'>stupen-</span> 
     </span>
     <span class='ocr_line' id='line_1_20' title="bbox 153 1401 1778 1471; baseline -0.001 -15"><span class='ocrx_word' id='word_1_133' title='bbox 153 1404 299 1457; x_wconf 83' lang='lat' dir='ltr'>tibus</span> <span class='ocrx_word' id='word_1_134' title='bbox 369 1403 721 1456; x_wconf 83' lang='lat' dir='ltr'>offunduntur</span> <span class='ocrx_word' id='word_1_135' title='bbox 778 1402 962 1455; x_wconf 59' lang='lat' dir='ltr'>oculis„</span> <span class='ocrx_word' id='word_1_136' title='bbox 1036 1401 1280 1455; x_wconf 87' lang='lat' dir='ltr'>intellexi</span> <span class='ocrx_word' id='word_1_137' title='bbox 1337 1420 1499 1471; x_wconf 89' lang='lat' dir='ltr'>quam</span> <span class='ocrx_word' id='word_1_138' title='bbox 1558 1402 1778 1457; x_wconf 91' lang='lat' dir='ltr'>difficile</span> 
     </span>
     <span class='ocr_line' id='line_1_21' title="bbox 154 1472 1774 1543; baseline 0 -16"><span class='ocrx_word' id='word_1_139' title='bbox 154 1479 293 1527; x_wconf 89' lang='lat' dir='ltr'>esset</span> <span class='ocrx_word' id='word_1_140' title='bbox 317 1474 663 1543; x_wconf 87' lang='lat' dir='ltr'>parricidium</span> <span class='ocrx_word' id='word_1_141' title='bbox 688 1473 880 1540; x_wconf 84' lang='lat' dir='ltr'>facere,</span> <span class='ocrx_word' id='word_1_142' title='bbox 907 1472 1070 1525; x_wconf 89' lang='lat' dir='ltr'>etiam</span> <span class='ocrx_word' id='word_1_143' title='bbox 1096 1472 1241 1541; x_wconf 91' lang='lat' dir='ltr'>quod</span> <span class='ocrx_word' id='word_1_144' title='bbox 1266 1473 1582 1541; x_wconf 89' lang='lat' dir='ltr'>imperasset</span> <span class='ocrx_word' id='word_1_145' title='bbox 1605 1477 1774 1542; x_wconf 90' lang='lat' dir='ltr'>pater.</span> 
     </span>
     <span class='ocr_line' id='line_1_22' title="bbox 153 1542 1774 1614; baseline 0 -16"><span class='ocrx_word' id='word_1_146' title='bbox 153 1544 238 1598; x_wconf 81' lang='lat' dir='ltr'>Ita</span> <span class='ocrx_word' id='word_1_147' title='bbox 274 1545 423 1613; x_wconf 89' lang='lat' dir='ltr'>mihi,</span> <span class='ocrx_word' id='word_1_148' title='bbox 462 1562 598 1614; x_wconf 89' lang='lat' dir='ltr'>quae</span> <span class='ocrx_word' id='word_1_149' title='bbox 624 1544 738 1597; x_wconf 89' lang='lat' dir='ltr'>sola</span> <span class='ocrx_word' id='word_1_150' title='bbox 775 1544 998 1596; x_wconf 88' lang='lat' dir='ltr'>miseros</span> <span class='ocrx_word' id='word_1_151' title='bbox 1034 1543 1093 1595; x_wconf 92' lang='lat' dir='ltr'>in</span> <span class='ocrx_word' id='word_1_152' title='bbox 1119 1542 1278 1596; x_wconf 93' lang='lat' dir='ltr'>domo</span> <span class='ocrx_word' id='word_1_153' title='bbox 1317 1546 1504 1596; x_wconf 88' lang='lat' dir='ltr'>nostra</span> <span class='ocrx_word' id='word_1_154' title='bbox 1540 1545 1774 1613; x_wconf 87' lang='lat' dir='ltr'>respicit,</span> 
     </span>
     <span class='ocr_line' id='line_1_23' title="bbox 89 1613 1773 1684; baseline 0.003 -21"><span class='ocrx_word' id='word_1_155' title='bbox 89 1631 132 1663; x_wconf 58' lang='grc' dir='ltr'>ιο</span> <span class='ocrx_word' id='word_1_156' title='bbox 154 1614 396 1668; x_wconf 85' lang='lat' dir='ltr'>Fortuna</span> <span class='ocrx_word' id='word_1_157' title='bbox 433 1618 726 1668; x_wconf 86' lang='lat' dir='ltr'>succurrat.</span> <span class='ocrx_word' id='word_1_158' title='bbox 777 1613 1061 1667; x_wconf 88' lang='lat' dir='ltr'>Profectus</span> <span class='ocrx_word' id='word_1_159' title='bbox 1099 1617 1254 1682; x_wconf 88' lang='lat' dir='ltr'>pater</span> <span class='ocrx_word' id='word_1_160' title='bbox 1290 1614 1586 1683; x_wconf 89' lang='lat' dir='ltr'>tranquillo</span> <span class='ocrx_word' id='word_1_161' title='bbox 1622 1616 1773 1684; x_wconf 88' lang='lat' dir='ltr'>mari,</span> 
     </span>
     <span class='ocr_line' id='line_1_24' title="bbox 154 1684 1775 1755; baseline 0 -16"><span class='ocrx_word' id='word_1_162' title='bbox 154 1687 430 1755; x_wconf 88' lang='lat' dir='ltr'>auspicato</span> <span class='ocrx_word' id='word_1_163' title='bbox 468 1686 677 1753; x_wconf 86' lang='lat' dir='ltr'>itinere,</span> <span class='ocrx_word' id='word_1_164' title='bbox 718 1686 931 1755; x_wconf 86' lang='lat' dir='ltr'>integra</span> <span class='ocrx_word' id='word_1_165' title='bbox 967 1684 1111 1737; x_wconf 87' lang='lat' dir='ltr'>naui.</span> <span class='ocrx_word' id='word_1_166' title='bbox 1191 1685 1320 1754; x_wconf 91' lang='lat' dir='ltr'>quid</span> <span class='ocrx_word' id='word_1_167' title='bbox 1357 1685 1462 1738; x_wconf 88' lang='lat' dir='ltr'>hoc</span> <span class='ocrx_word' id='word_1_168' title='bbox 1500 1685 1620 1738; x_wconf 80' lang='lat' dir='ltr'>est‘?</span> <span class='ocrx_word' id='word_1_169' title='bbox 1657 1686 1775 1739; x_wconf 84' lang='lat' dir='ltr'>feli-</span> 
     </span>
     <span class='ocr_line' id='line_1_25' title="bbox 153 1755 1777 1825; baseline 0.001 -16"><span class='ocrx_word' id='word_1_170' title='bbox 153 1758 267 1810; x_wconf 85' lang='lat' dir='ltr'>cius</span> <span class='ocrx_word' id='word_1_171' title='bbox 324 1757 450 1809; x_wconf 80' lang='lat' dir='ltr'>nau‘</span> <span class='ocrx_word' id='word_1_172' title='bbox 493 1757 609 1810; x_wconf 87' lang='lat' dir='ltr'>auit</span> <span class='ocrx_word' id='word_1_173' title='bbox 660 1755 980 1825; x_wconf 86' lang='lat' dir='ltr'>dampnatus</span> <span class='ocrx_word' id='word_1_174' title='bbox 1039 1774 1201 1825; x_wconf 90' lang='lat' dir='ltr'>quam</span> <span class='ocrx_word' id='word_1_175' title='bbox 1258 1756 1351 1824; x_wconf 91' lang='lat' dir='ltr'>qui</span> <span class='ocrx_word' id='word_1_176' title='bbox 1412 1755 1777 1811; x_wconf 89' lang='lat' dir='ltr'>damnauerat.</span> 
     </span>
     <span class='ocr_line' id='line_1_26' title="bbox 153 1774 1778 1896; baseline 0.002 -18"><span class='ocrx_word' id='word_1_177' title='bbox 153 1826 350 1880; x_wconf 89' lang='lat' dir='ltr'>Vtrum</span> <span class='ocrx_word' id='word_1_178' title='bbox 395 1774 552 1880; x_wconf 49' lang='lat' dir='ltr'>ubffiis</span> <span class='ocrx_word' id='word_1_179' title='bbox 599 1827 812 1880; x_wconf 89' lang='lat' dir='ltr'>uidetur</span> <span class='ocrx_word' id='word_1_180' title='bbox 857 1826 1226 1879; x_wconf 86' lang='lat' dir='ltr'>innocentiam</span> <span class='ocrx_word' id='word_1_181' title='bbox 1274 1826 1416 1895; x_wconf 88' lang='lat' dir='ltr'>apud</span> <span class='ocrx_word' id='word_1_182' title='bbox 1461 1827 1663 1896; x_wconf 87' lang='lat' dir='ltr'>piratas</span> <span class='ocrx_word' id='word_1_183' title='bbox 1702 1828 1778 1881; x_wconf 89' lang='lat' dir='ltr'>di-</span> 
     </span>
     <span class='ocr_line' id='line_1_27' title="bbox 156 1896 1781 1967; baseline 0.002 -18"><span class='ocrx_word' id='word_1_184' title='bbox 156 1897 345 1951; x_wconf 89' lang='lat' dir='ltr'>dicisse</span> <span class='ocrx_word' id='word_1_185' title='bbox 383 1916 454 1951; x_wconf 88' lang='lat' dir='ltr'>an</span> <span class='ocrx_word' id='word_1_186' title='bbox 490 1915 560 1951; x_wconf 88' lang='lat' dir='ltr'>ne</span> <span class='ocrx_word' id='word_1_187' title='bbox 597 1897 740 1967; x_wconf 88' lang='lat' dir='ltr'>apud</span> <span class='ocrx_word' id='word_1_188' title='bbox 786 1897 986 1966; x_wconf 88' lang='lat' dir='ltr'>piratas</span> <span class='ocrx_word' id='word_1_189' title='bbox 1024 1896 1241 1966; x_wconf 86' lang='lat' dir='ltr'>quidem</span> <span class='ocrx_word' id='word_1_190' title='bbox 1284 1897 1619 1966; x_wconf 77' lang='lat' dir='ltr'>perdidisse?</span> <span class='ocrx_word' id='word_1_191' title='bbox 1682 1898 1781 1952; x_wconf 90' lang='lat' dir='ltr'>Pe-</span> 
     </span>
     <span class='ocr_line' id='line_1_28' title="bbox 90 1966 1777 2037; baseline 0.001 -16"><span class='ocrx_word' id='word_1_192' title='bbox 90 1981 133 2014; x_wconf 72' lang='lat'>25</span> <span class='ocrx_word' id='word_1_193' title='bbox 156 1968 346 2035; x_wconf 82' lang='lat' dir='ltr'>rictas,</span> <span class='ocrx_word' id='word_1_194' title='bbox 392 1972 569 2037; x_wconf 76' lang='lat' dir='ltr'>pater,</span> <span class='ocrx_word' id='word_1_195' title='bbox 617 1968 723 2020; x_wconf 90' lang='lat' dir='ltr'>nisi</span> <span class='ocrx_word' id='word_1_196' title='bbox 760 1968 817 2020; x_wconf 90' lang='lat' dir='ltr'>in</span> <span class='ocrx_word' id='word_1_197' title='bbox 866 1966 1184 2035; x_wconf 89' lang='lat' dir='ltr'>parricidam</span> <span class='ocrx_word' id='word_1_198' title='bbox 1232 1967 1524 2021; x_wconf 91' lang='lat' dir='ltr'>incidisses.</span> <span class='ocrx_word' id='word_1_199' title='bbox 1601 1967 1777 2023; x_wconf 84' lang='lat' dir='ltr'>Scissa</span> 
     </span>
     <span class='ocr_line' id='line_1_29' title="bbox 193 2038 1777 2108; baseline 0.002 -17"><span class='ocrx_word' id='word_1_200' title='bbox 193 2057 370 2108; x_wconf 89' lang='lat' dir='ltr'>uoque</span> <span class='ocrx_word' id='word_1_201' title='bbox 407 2039 530 2091; x_wconf 90' lang='lat' dir='ltr'>uela</span> <span class='ocrx_word' id='word_1_202' title='bbox 554 2038 794 2092; x_wconf 86' lang='lat' dir='ltr'>fecerant</span> <span class='ocrx_word' id='word_1_203' title='bbox 830 2039 979 2091; x_wconf 88' lang='lat' dir='ltr'>sinus</span> <span class='ocrx_word' id='word_1_204' title='bbox 1006 2042 1060 2090; x_wconf 92' lang='lat' dir='ltr'>et</span> <span class='ocrx_word' id='word_1_205' title='bbox 1097 2038 1387 2091; x_wconf 89' lang='lat' dir='ltr'>instructas</span> <span class='ocrx_word' id='word_1_206' title='bbox 1414 2038 1608 2092; x_wconf 87' lang='lat' dir='ltr'>classes</span> <span class='ocrx_word' id='word_1_207' title='bbox 1645 2058 1777 2094; x_wconf 89' lang='lat' dir='ltr'>nau-</span> 
     </span>
     <span class='ocr_line' id='line_1_30' title="bbox 173 2108 1780 2180; baseline 0.001 -18"><span class='ocrx_word' id='word_1_208' title='bbox 173 2113 309 2180; x_wconf 83' lang='lat' dir='ltr'>&#39;raga</span> <span class='ocrx_word' id='word_1_209' title='bbox 356 2112 718 2178; x_wconf 76' lang='lat' dir='ltr'>praecesserat</span> <span class='ocrx_word' id='word_1_210' title='bbox 766 2109 936 2162; x_wconf 85' lang='lat' dir='ltr'>nauis.</span> <span class='ocrx_word' id='word_1_211' title='bbox 1012 2108 1174 2161; x_wconf 87' lang='lat' dir='ltr'>scires</span> <span class='ocrx_word' id='word_1_212' title='bbox 1222 2109 1479 2179; x_wconf 85' lang='lat' dir='ltr'>nauigare</span> <span class='ocrx_word' id='word_1_213' title='bbox 1529 2110 1622 2179; x_wconf 93' lang='lat' dir='ltr'>qui</span> <span class='ocrx_word' id='word_1_214' title='bbox 1673 2129 1780 2164; x_wconf 92' lang='lat' dir='ltr'>ser-</span> 
     </span>
     <span class='ocr_line' id='line_1_31' title="bbox 155 2179 1775 2250; baseline 0.001 -17"><span class='ocrx_word' id='word_1_215' title='bbox 155 2186 377 2233; x_wconf 85' lang='lat' dir='ltr'>uaturus</span> <span class='ocrx_word' id='word_1_216' title='bbox 414 2184 554 2233; x_wconf 89' lang='lat' dir='ltr'>esset</span> <span class='ocrx_word' id='word_1_217' title='bbox 590 2184 813 2249; x_wconf 89' lang='lat' dir='ltr'>patrem.</span> <span class='ocrx_word' id='word_1_218' title='bbox 871 2179 1006 2232; x_wconf 90' lang='lat' dir='ltr'>Erat</span> <span class='ocrx_word' id='word_1_219' title='bbox 1042 2179 1338 2250; x_wconf 84' lang='lat' dir='ltr'>nauigium,</span> <span class='ocrx_word' id='word_1_220' title='bbox 1378 2180 1544 2234; x_wconf 92' lang='lat' dir='ltr'>immo</span> <span class='ocrx_word' id='word_1_221' title='bbox 1583 2180 1775 2236; x_wconf 87' lang='lat' dir='ltr'>fuerat.</span> 
     </span>
     <span class='ocr_line' id='line_1_32' title="bbox 157 2249 1775 2322; baseline 0.001 -18"><span class='ocrx_word' id='word_1_222' title='bbox 157 2249 203 2303; x_wconf 94' lang='grc' dir='ltr'><strong>Ο</strong></span> <span class='ocrx_word' id='word_1_223' title='bbox 242 2250 470 2304; x_wconf 87' lang='lat' dir='ltr'>crudelis</span> <span class='ocrx_word' id='word_1_224' title='bbox 508 2254 563 2304; x_wconf 90' lang='lat' dir='ltr'>et</span> <span class='ocrx_word' id='word_1_225' title='bbox 597 2250 844 2320; x_wconf 86' lang='lat' dir='ltr'>pertinax</span> <span class='ocrx_word' id='word_1_226' title='bbox 881 2250 1141 2303; x_wconf 82' lang='lat' dir='ltr'>nouerca!</span> <span class='ocrx_word' id='word_1_227' title='bbox 1182 2249 1538 2303; x_wconf 91' lang='lat' dir='ltr'>nihilominus</span> <span class='ocrx_word' id='word_1_228' title='bbox 1577 2252 1775 2322; x_wconf 80' lang='lat' dir='ltr'>saeuit3</span> 
     </span>
     <span class='ocr_line' id='line_1_33' title="bbox 93 2320 1779 2391; baseline 0.002 -18"><span class='ocrx_word' id='word_1_229' title='bbox 93 2335 135 2366; x_wconf 78' lang='lat'>³⁰</span> <span class='ocrx_word' id='word_1_230' title='bbox 157 2321 328 2374; x_wconf 85' lang='lat' dir='ltr'>maria</span> <span class='ocrx_word' id='word_1_231' title='bbox 381 2322 490 2374; x_wconf 85' lang='lat' dir='ltr'>iam</span> <span class='ocrx_word' id='word_1_232' title='bbox 536 2322 843 2391; x_wconf 90' lang='lat' dir='ltr'>quiescunt,</span> <span class='ocrx_word' id='word_1_233' title='bbox 899 2320 1197 2391; x_wconf 89' lang='lat' dir='ltr'>praedones</span> <span class='ocrx_word' id='word_1_234' title='bbox 1255 2322 1602 2391; x_wconf 84' lang='lat' dir='ltr'>miserentur,</span> <span class='ocrx_word' id='word_1_235' title='bbox 1653 2323 1779 2378; x_wconf 89' lang='lat' dir='ltr'>irati</span> 
     </span>
     <span class='ocr_line' id='line_1_34' title="bbox 157 2390 1776 2462; baseline 0.002 -19"><span class='ocrx_word' id='word_1_236' title='bbox 157 2395 400 2458; x_wconf 87' lang='lat' dir='ltr'>parcunt.</span> <span class='ocrx_word' id='word_1_237' title='bbox 475 2390 618 2445; x_wconf 87' lang='lat' dir='ltr'>Veni</span> <span class='ocrx_word' id='word_1_238' title='bbox 666 2392 732 2445; x_wconf 86' lang='lat' dir='ltr'>ad</span> <span class='ocrx_word' id='word_1_239' title='bbox 781 2410 878 2446; x_wconf 90' lang='lat' dir='ltr'>uos</span> <span class='ocrx_word' id='word_1_240' title='bbox 927 2395 987 2445; x_wconf 91' lang='lat' dir='ltr'>ut</span> <span class='ocrx_word' id='word_1_241' title='bbox 1034 2392 1256 2460; x_wconf 89' lang='lat' dir='ltr'>probem</span> <span class='ocrx_word' id='word_1_242' title='bbox 1306 2410 1390 2446; x_wconf 92' lang='lat' dir='ltr'>me</span> <span class='ocrx_word' id='word_1_243' title='bbox 1439 2394 1776 2462; x_wconf 86' lang='lat' dir='ltr'>parricidam.</span> 
     </span>
    </p>
   </div>
   <div class='ocr_carea' id='block_1_5' title="bbox 159 2618 1780 2799">
    <p class='ocr_par' dir='ltr' id='par_1_7' title="bbox 159 2618 1780 2799">
     <span class='ocr_line' id='line_1_35' title="bbox 272 2618 1776 2677; baseline 0.003 -17"><span class='ocrx_word' id='word_1_244' title='bbox 272 2621 484 2666; x_wconf 50' lang='lat' dir='ltr'>Samncn</span> <span class='ocrx_word' id='word_1_245' title='bbox 515 2619 574 2668; x_wconf 68' lang='grc' dir='ltr'>Ι,</span> <span class='ocrx_word' id='word_1_246' title='bbox 607 2632 722 2660; x_wconf 84' lang='lat' dir='ltr'>corr.</span> <span class='ocrx_word' id='word_1_247' title='bbox 756 2618 886 2660; x_wconf 69' lang='lat' dir='ltr'>Bura.</span> <span class='ocrx_word' id='word_1_248' title='bbox 909 2618 925 2673; x_wconf 72' lang='lat' dir='ltr'>u</span> <span class='ocrx_word' id='word_1_249' title='bbox 948 2622 973 2661; x_wconf 79' lang='lat'><strong>⁶</strong></span> <span class='ocrx_word' id='word_1_250' title='bbox 1005 2624 1199 2674; x_wconf 77' lang='lat' dir='ltr'>patrem.</span> <span class='ocrx_word' id='word_1_251' title='bbox 1244 2621 1518 2663; x_wconf 80' lang='lat' dir='ltr'>Emicabant</span> <span class='ocrx_word' id='word_1_252' title='bbox 1552 2622 1776 2677; x_wconf 79' lang='lat' dir='ltr'>descripti</span> 
     </span>
     <span class='ocr_line' id='line_1_36' title="bbox 159 2675 1777 2730; baseline 0.002 -13"><span class='ocrx_word' id='word_1_253' title='bbox 159 2676 455 2730; x_wconf 76' lang='lat' dir='ltr'>tempestatis</span> <span class='ocrx_word' id='word_1_254' title='bbox 486 2675 642 2716; x_wconf 77' lang='lat' dir='ltr'>densis</span> <span class='ocrx_word' id='word_1_255' title='bbox 673 2676 743 2727; x_wconf 68' lang='grc' dir='ltr'>Ι,</span> <span class='ocrx_word' id='word_1_256' title='bbox 772 2689 887 2717; x_wconf 79' lang='lat' dir='ltr'>corr.</span> <span class='ocrx_word' id='word_1_257' title='bbox 920 2675 1047 2719; x_wconf 75' lang='lat' dir='ltr'>Bure.</span> <span class='ocrx_word' id='word_1_258' title='bbox 1072 2675 1088 2730; x_wconf 80' lang='grc' dir='ltr'>ΙΙ</span> <span class='ocrx_word' id='word_1_259' title='bbox 1118 2678 1157 2718; x_wconf 89' lang='grc'>8.</span> <span class='ocrx_word' id='word_1_260' title='bbox 1178 2679 1204 2718; x_wconf 87' lang='grc'><strong>9</strong></span> <span class='ocrx_word' id='word_1_261' title='bbox 1235 2678 1368 2719; x_wconf 83' lang='lat' dir='ltr'>uerba</span> <span class='ocrx_word' id='word_1_262' title='bbox 1401 2679 1439 2719; x_wconf 83' lang='lat' dir='ltr'>si</span> <span class='ocrx_word' id='word_1_263' title='bbox 1473 2679 1692 2720; x_wconf 83' lang='lat' dir='ltr'>innocens</span> <span class='ocrx_word' id='word_1_264' title='bbox 1726 2693 1777 2720; x_wconf 77' lang='lat' dir='ltr'>es</span> 
     </span>
     <span class='ocr_line' id='line_1_37' title="bbox 159 2730 1780 2799; baseline 0.002 -26"><span class='ocrx_word' id='word_1_265' title='bbox 159 2732 397 2786; x_wconf 76' lang='lat' dir='ltr'>nauigium</span> <span class='ocrx_word' id='word_1_266' title='bbox 438 2747 515 2773; x_wconf 78' lang='lat' dir='ltr'>om.</span> <span class='ocrx_word' id='word_1_267' title='bbox 547 2733 621 2770; x_wconf 66' lang='grc' dir='ltr'>Ι..</span> <span class='ocrx_word' id='word_1_268' title='bbox 657 2730 673 2783; x_wconf 83' lang='grc' dir='ltr'>ΙΙ</span> <span class='ocrx_word' id='word_1_269' title='bbox 716 2733 765 2773; x_wconf 82' lang='grc'>12</span> <span class='ocrx_word' id='word_1_270' title='bbox 807 2732 853 2773; x_wconf 78' lang='lat' dir='ltr'>in</span> <span class='ocrx_word' id='word_1_271' title='bbox 891 2731 1023 2774; x_wconf 89' lang='lat' dir='ltr'>domo</span> <span class='ocrx_word' id='word_1_272' title='bbox 1054 2733 1101 2799; x_wconf 71' lang='lat' dir='ltr'>in</span> <span class='ocrx_word' id='word_1_273' title='bbox 1133 2733 1245 2788; x_wconf 70' lang='lat' dir='ltr'>11⁸ss</span> <span class='ocrx_word' id='word_1_274' title='bbox 1278 2737 1327 2776; x_wconf 88' lang='grc'>13</span> <span class='ocrx_word' id='word_1_275' title='bbox 1359 2735 1541 2777; x_wconf 83' lang='lat' dir='ltr'>uixerat</span> <span class='ocrx_word' id='word_1_276' title='bbox 1573 2737 1647 2775; x_wconf 71' lang='lat' dir='ltr'>na</span> <span class='ocrx_word' id='word_1_277' title='bbox 1675 2733 1691 2788; x_wconf 83' lang='grc' dir='ltr'>ΙΙ</span> <span class='ocrx_word' id='word_1_278' title='bbox 1728 2738 1780 2776; x_wconf 83' lang='grc'>16</span> 
     </span>
    </p>
   </div>
   <div class='ocr_carea' id='block_1_6' title="bbox 160 2816 1779 2955">
    <p class='ocr_par' dir='ltr' id='par_1_8' title="bbox 160 2816 1779 2955">
     <span class='ocr_line' id='line_1_38' title="bbox 161 2816 1779 2902; baseline 0.002 -16"><span class='ocrx_word' id='word_1_279' title='bbox 161 2857 248 2897; x_wconf 79' lang='lat' dir='ltr'>qno</span> <span class='ocrx_word' id='word_1_280' title='bbox 278 2845 351 2885; x_wconf 69' lang='lat'>1⁸</span> <span class='ocrx_word' id='word_1_281' title='bbox 398 2844 414 2898; x_wconf 79' lang='grc' dir='ltr'>ΙΙ</span> <span class='ocrx_word' id='word_1_282' title='bbox 463 2845 516 2886; x_wconf 79' lang='lat'>26</span> <span class='ocrx_word' id='word_1_283' title='bbox 556 2816 797 2886; x_wconf 44' lang='lat' dir='ltr'>instructi}</span> <span class='ocrx_word' id='word_1_284' title='bbox 827 2846 872 2884; x_wconf 68' lang='grc' dir='ltr'><strong>Π</strong></span> <span class='ocrx_word' id='word_1_285' title='bbox 915 2845 931 2898; x_wconf 74' lang='lat' dir='ltr'>n</span> <span class='ocrx_word' id='word_1_286' title='bbox 967 2847 1112 2889; x_wconf 63' lang='lat' dir='ltr'>aas?</span> <span class='ocrx_word' id='word_1_287' title='bbox 1145 2846 1391 2902; x_wconf 80' lang='lat' dir='ltr'>naufragio,</span> <span class='ocrx_word' id='word_1_288' title='bbox 1422 2849 1494 2888; x_wconf 68' lang='lat' dir='ltr'>Ha</span> <span class='ocrx_word' id='word_1_289' title='bbox 1534 2849 1779 2900; x_wconf 74' lang='lat' dir='ltr'>naufragio</span> 
     </span>
     <span class='ocr_line' id='line_1_39' title="bbox 160 2899 1189 2955; baseline 0.003 -15"><span class='ocrx_word' id='word_1_290' title='bbox 160 2900 233 2940; x_wconf 72' lang='lat'>1·</span> <span class='ocrx_word' id='word_1_291' title='bbox 253 2899 270 2954; x_wconf 76' lang='grc' dir='ltr'>ΙΙ</span> <span class='ocrx_word' id='word_1_292' title='bbox 291 2903 343 2943; x_wconf 80' lang='grc'>27</span> <span class='ocrx_word' id='word_1_293' title='bbox 376 2914 520 2942; x_wconf 72' lang='lat' dir='ltr'>naues</span> <span class='ocrx_word' id='word_1_294' title='bbox 552 2900 663 2955; x_wconf 66' lang='lat' dir='ltr'>112ss</span> <span class='ocrx_word' id='word_1_295' title='bbox 687 2904 739 2943; x_wconf 78' lang='grc'>’29</span> <span class='ocrx_word' id='word_1_296' title='bbox 771 2901 884 2942; x_wconf 75' lang='lat' dir='ltr'>nihil</span> <span class='ocrx_word' id='word_1_297' title='bbox 920 2902 1083 2943; x_wconf 71' lang='lat' dir='ltr'>ominis</span> <span class='ocrx_word' id='word_1_298' title='bbox 1114 2902 1189 2943; x_wconf 68' lang='lat' dir='ltr'>Ha</span> 
     </span>
    </p>
   </div>
   <div class='ocr_carea' id='block_1_7' title="bbox 245 2977 1438 3029">
    <p class='ocr_par' dir='ltr' id='par_1_9' title="bbox 245 2977 1438 3029">
     <span class='ocr_line' id='line_1_40' title="bbox 245 2977 1438 3029; baseline 0.004 -19"><span class='ocrx_word' id='word_1_299' title='bbox 245 2979 396 3010; x_wconf 66' lang='lat' dir='ltr'>821ch</span> <span class='ocrx_word' id='word_1_300' title='bbox 422 2978 562 3029; x_wconf 73' lang='lat' dir='ltr'>rhetor.</span> <span class='ocrx_word' id='word_1_301' title='bbox 1384 2977 1407 3015; x_wconf 70' lang='grc'>2</span> <span class='ocrx_word' id='word_1_302' title='bbox 1422 2977 1438 3015; x_wconf 74' lang='lat' dir='ltr'>l</span> 
     </span>
    </p>
   </div>
   <div class='ocr_carea' id='block_1_8' title="bbox 715 0 1914 47">
    <p class='ocr_par' dir='ltr' id='par_1_10' title="bbox 715 0 1914 47">
     <span class='ocr_line' id='line_1_41' title="bbox 715 0 1914 47; baseline -0.008 -5"><span class='ocrx_word' id='word_1_303' title='bbox 715 0 1386 47; x_wconf 45' lang='lat' dir='ltr'>sswtffimwcwaerfflrz</span> <span class='ocrx_word' id='word_1_304' title='bbox 1411 0 1654 37; x_wconf 54' lang='lat' dir='ltr'>w*</span> <span class='ocrx_word' id='word_1_305' title='bbox 1759 0 1821 37; x_wconf 53' lang='lat' dir='ltr'>&lt;vx</span> <span class='ocrx_word' id='word_1_306' title='bbox 1856 10 1879 38; x_wconf 70' lang='lat'><em>;</em></span> <span class='ocrx_word' id='word_1_307' title='bbox 1900 0 1914 37; x_wconf 72' lang='grc' dir='ltr'>·ς</span> 
     </span>
    </p>
   </div>
  </div>
 </body>
</html>
