1936 3100
114 177 159 219 p.
175 164 259 206 296
274 163 327 205 B.
529 160 1135 205 conraovnasunvu
1165 162 1284 204 ms.
1310 161 1367 202 x.
1627 159 1736 214 465

114 286 330 340 rhetore
385 286 619 356 quodam
674 287 924 340 habenti:
977 290 1039 340 tu
1091 289 1248 355 potes
1309 286 1736 339 controuersiam

115 357 432 428 intellegere
488 358 583 426 qui
628 375 743 411 non
796 357 1069 427 intellegis
1120 359 1175 409 te
1227 356 1451 409 laterem
1506 357 1686 410 lauare
1706 357 1735 409 Ῥ

115 426 373 481 SPARSVS
426 433 608 481 autem
663 427 873 482 dicebat
922 427 1217 496 uiolenter,
1279 426 1372 480 sed
1423 427 1569 480 dure.
1647 428 1737 480 Ad

116 498 477 551 imitationem
522 516 579 551 se
615 497 870 551 Latronis
919 498 1199 551 derexerat
1243 515 1343 551 nec
1388 500 1574 550 tamen
1622 517 1736 551 um-

71 589 95 622 5
118 586 280 637 quam
317 569 509 621 similis
545 568 628 621 illi
653 573 784 638 erat,
822 569 931 621 nisi
968 587 1090 622 cum
1128 567 1313 621 eadem
1350 567 1566 622 diceret.
1622 572 1735 621 ute-

116 639 276 691 batur
312 639 422 692 suis
459 639 640 692 uerbis
650 680 664 706 ,
702 639 955 692 Latronis
992 639 1290 693 sententiis
1366 637 1503 692 Cum
1540 638 1734 693 BASSO
1755 643 1820 690 12

115 713 389 762 certamen
443 709 526 762 illi
571 709 679 762 fuit
725 728 886 779 quem
931 726 1046 763 uos·
1078 726 1294 779 quoque
1341 709 1590 779 audistis,
1638 710 1737 763 ho-

114 779 261 832 mine
300 779 516 838 diserto,
555 781 643 833 cui
681 780 952 847 demptam
989 780 1157 833 uelles
1196 798 1359 849 quam
1395 781 1739 834 consectaba-

114 853 206 903 tur
241 850 655 904 amaritudinem
680 855 735 904 et
772 851 1174 904 simulationem
1198 850 1427 903 actionis
1454 851 1736 905 oratoriae.

53 941 97 974 ιο
118 920 260 974 nihil
317 924 400 974 est
452 920 789 975 indecentius
835 940 996 990 quam
1044 921 1139 974 ubi
1194 921 1506 974 scolasticus
1559 922 1740 976 forum

118 991 264 1061 quod
299 1010 415 1045 non
450 992 609 1045 nouit
645 992 903 1045 imitatur.
966 991 1236 1044 Amabam
1272 992 1454 1060 itaque
1493 990 1740 1045 CAPITO-

117 1077 244 1115 NEM
288 1063 439 1116 cuius
476 1062 794 1115 declamatio
833 1066 915 1115 est
950 1061 1015 1114 de
1051 1060 1307 1130 Popillio,
1356 1079 1493 1130 quae
1541 1063 1738 1116 misero

118 1132 345 1186 Latroni
394 1132 680 1186 subicitur:
731 1133 878 1186 bona
931 1132 1036 1185 fide
1089 1131 1440 1185 scholasticus
1489 1136 1627 1203 erat,
1682 1133 1742 1184 in

118 1203 205 1255 his
253 1202 732 1256 declamationibus
779 1221 916 1273 quae
960 1203 1098 1256 bene
1153 1202 1233 1255 illi
1278 1206 1554 1256 cesserunt
1602 1203 1742 1256 nulli

55 1292 99 1325 ιε
119 1291 235 1327 non
310 1278 396 1327 ost
431 1275 667 1343 primum
702 1274 1005 1327 tetradeum
1041 1273 1442 1342 praeferendus,
1504 1274 1741 1344 primum
1759 1277 1826 1324 13

118 1348 172 1397 te
297 1362 421 1398 eum
457 1345 603 1414 quod
647 1345 845 1399 faciam
882 1343 1181 1414 quaeritis?
1254 1343 1524 1412 LatroniS,
1563 1344 1738 1413 Fusci,

122 1413 309 1487 [Cesti]
348 1415 562 1483 Albuci,
602 1415 887 1469 Gallionis,
963 1415 1022 1467 hi
1060 1414 1311 1484 quotiens
1350 1415 1739 1483 conflixissent,

121 1487 323 1554 <penes
370 1484 663 1539 Latronem
709 1486 884 1556 gloria
929 1485 1177 1554 fuisset,>
1222 1503 1387 1554 penes
1435 1485 1743 1539 Gallionem

120 1555 329 1625 palma;
355 1555 593 1625 reliquos
613 1557 850 1610 utuobis
875 1555 1149 1610 uidebitur
1175 1556 1193 1625 ΙΙ
1221 1556 1611 1625 <conponite>:
1640 1567 1741 1627 ego

54 1646 100 1679 ,ο
122 1626 280 1679 uobis
300 1626 543 1680 omnium
570 1626 677 1680 feci
705 1630 1045 1696 potestatem.
1096 1625 1198 1679 hos
1230 1627 1409 1679 minus
1438 1627 1649 1680 nobiles
1675 1627 1743 1679 si-

120 1697 234 1750 nite
272 1697 331 1750 in
374 1700 585 1766 partem
634 1698 804 1767 abire,
859 1697 1191 1751 PATERNVM
1246 1700 1300 1749 et
1336 1696 1742 1767 MODERATVM,

120 1766 355 1821 FABIVM
393 1772 449 1822 et
484 1769 530 1821 si
566 1769 686 1838 quis
725 1773 807 1822 est
842 1786 942 1822 nec
967 1768 1098 1821 clari
1135 1767 1373 1821 nominis
1410 1786 1510 1821 nec
1547 1769 1741 1839 ignoti.

122 1837 260 1892 Cum
295 1838 452 1892 uobis
488 1838 558 1892 ad
603 1840 906 1893 satietatem
955 1842 1189 1893 uestram
1228 1856 1312 1891 me
1361 1839 1740 1908 praestiterim,

123 1994 210 2023 nec
242 1981 371 2023 arido
402 1981 561 2023 Schule.
583 1981 599 2036 ΙΙ
623 1982 803 2023 chelam
832 1984 860 2023 c
889 1980 906 2036 ΙΙ
930 1985 951 2023 1
986 1982 1161 2024 habent
1190 1984 1235 2023 H
1255 1982 1271 2036 ΙΙ
1293 1985 1318 2025 2
1349 1983 1597 2038 intelleges
1629 1987 1675 2024 te
1697 1984 1743 2024 Π

121 2051 352 2134 intelligsi
379 2085 424 2121 te
454 2081 493 2120 A
533 2079 550 2134 fl
590 2080 738 2122 latere
771 2080 985 2122 acleuare
1017 2083 1118 2122 cra
1157 2081 1353 2122 laterem
1384 2081 1544 2122 leuare
1577 2083 1623 2121 Π
1662 2080 1678 2135 ΙΙ
1720 2084 1746 2124 3

123 2137 300 2190 sparsis
329 2138 359 2177 0
398 2141 583 2191 spartus
611 2138 659 2177 Π
693 2136 710 2190 ΙΙ
751 2138 965 2179 ualenter
993 2138 1039 2176 1
1075 2135 1091 2190 ΙΙ
1132 2140 1159 2178 4
1189 2137 1422 2178 direxerat
1454 2139 1516 2178 'rb
1564 2138 1748 2179 dixerat

122 2195 271 2234 ‘1⁸1⁸
300 2193 498 2236 duxerat
527 2195 600 2234 11:
636 2193 652 2247 ΙΙ
693 2197 718 2236 5
752 2207 852 2235 cum
886 2192 944 2233 ad
976 2193 1183 2235 eamdem
1214 2195 1259 2234 Π
1293 2192 1310 2247 ΙΙ
1351 2194 1545 2235 dicerem
1579 2193 1656 2248 [m'
1688 2191 1743 2250 B]

123 2249 406 2292 utedabatur
437 2248 699 2304 [ditabatur
720 2249 802 2305 Ta]
836 2252 939 2290 c'ra
959 2247 976 2303 ΙΙ
999 2252 1023 2291 7
1055 2250 1283 2292 hominem
1305 2251 1485 2291 cram
1506 2249 1523 2304 ΙΙ
1545 2252 1571 2292 8
1601 2250 1746 2292 diser-

124 2311 220 2347 tum
248 2304 362 2361 lb!
388 2306 527 2348 nelli·
556 2305 640 2361 ΙΙΙ
665 2310 717 2349 10
749 2308 897 2349 forum
929 2321 1006 2348 om.
1040 2304 1123 2360 ΠΙ]
1149 2309 1199 2348 12
1232 2306 1567 2349 declamatione
1598 2307 1654 2348 de
1675 2308 1714 2347 A
1733 2305 1748 2361 Η

126 2374 246 2415 quae
276 2375 379 2404 meo
409 2364 496 2414 (ΣΤ,
530 2377 651 2417 quae
682 2367 820 2405 miror
849 2376 930 2405 cur
960 2363 1121 2405 Schule.
1146 2362 1163 2417 ΙΙ
1189 2366 1239 2406 13
1271 2363 1531 2405 subidcitur
1562 2365 1591 2404 c
1622 2364 1748 2407 subi—

127 2420 314 2460 ciuntur
341 2417 425 2472 ΙΙ
449 2422 502 2461 14
532 2432 621 2474 que
651 2419 723 2474 Bu
752 2421 922 2474 ubique
955 2420 1074 2462 bene
1107 2419 1179 2461 illi
1210 2424 1447 2462 cesserant
1476 2422 1522 2460 Π
1542 2418 1559 2474 ΙΙ
1592 2422 1643 2462 15
1674 2433 1748 2462 re-

128 2475 350 2517 ferendus
380 2476 454 2516 01·
483 2476 616 2518 uerba
646 2478 839 2531 primum
858 2476 1120 2519 tetradeum
1142 2477 1415 2518 referendus
1436 2477 1499 2518 bis
1517 2480 1685 2531 scripta
1705 2478 1749 2517 in

126 2533 166 2572 A
200 2530 217 2584 fl
256 2533 308 2572 16
340 2531 535 2574 tetradia
557 2535 592 2574 't
622 2533 911 2575 tetradacum
940 2534 987 2573 11
1016 2531 1034 2587 ΙΙ
1063 2534 1289 2575 Latrones
1320 2535 1396 2573 Ha
1428 2531 1445 2587 ss
1484 2536 1534 2575 17
1569 2533 1685 2574 certi
1714 2534 1748 2573 B

128 2588 248 2629 cessi
267 2589 306 2628 A
337 2589 485 2630 caesti
514 2590 583 2636 1,
616 2588 756 2631 Fusci
787 2589 932 2631 Arelli
962 2590 1157 2631 Lindner
1177 2588 1195 2643 ΙΙ
1218 2591 1544 2631 confluxissent
1563 2592 1609 2629 H
1640 2602 1749 2631 con-

127 2644 367 2685 flexissent
397 2647 431 2685 '1'
458 2643 476 2698 Ι
520 2646 572 2687 18
601 2646 734 2687 uerba
766 2659 909 2699 penes
941 2676 950 2686 .
974 2681 983 2691 .
1007 2676 1018 2687 .
1050 2646 1219 2688 fuisset
1248 2661 1328 2691 om.
1359 2648 1429 2687 GT
1457 2644 1474 2700 ΙΙ
1515 2658 1683 2699 poenes
1714 2646 1748 2685 B

130 2712 245 2755 pene
276 2701 315 2740 A
354 2699 372 2754 Ι
416 2703 467 2743 19
498 2701 685 2743 uidetur
714 2703 759 2741 Χ
798 2700 815 2755 ΙΙ
857 2702 1107 2756 conponite
1137 2716 1216 2744 om.
1245 2704 1317 2743 (ΞΤ
1357 2701 1373 2756 ΙΙ
1410 2705 1466 2745 20
1497 2702 1555 2744 ho
1585 2704 1623 2742 A
1661 2702 1748 2743 hoc

129 2756 275 2810 nra!
304 2759 353 2798 21
390 2758 495 2799 inde
528 2764 704 2812 partem
735 2758 906 2800 habere
937 2758 1094 2800 Seme.
1117 2757 1135 2813 fl
1156 2759 1317 2801 habire
1348 2757 1496 2812 31122
1529 2771 1615 2800 nec
1647 2758 1749 2800 dari

40 2847 49 2858 ²
133 2856 236 2896 στι,
274 2854 292 2910 Ι
331 2858 386 2898 23
418 2857 550 2899 bouis
580 2858 618 2897 A
667 2857 798 2898 bonis
838 2858 943 2905 un
991 2827 1064 2908 ui}
1103 2857 1150 2909 (x
1179 2857 1272 2911 m»)
1303 2859 1370 2911 Π,
1403 2871 1519 2901 corr.
1551 2860 1614 2899 'rb
1646 2858 1750 2899 Pin-

134 2911 319 2966 cianusfl
346 2911 438 2967 me]
472 2926 528 2954 ne
560 2914 635 2954 1⁸
664 2927 751 2955 nec
783 2915 855 2955 m»

27 2963 67 3100 R
215 2987 367 3022 suma
390 2988 529 3025 rhetor.
1354 2987 1410 3027 30
