1942 3034
131 145 237 198 270
320 195 330 197 -
655 145 884 187 ΑΝΝΑΕΙ
915 144 1190 187 SENECAE
1531 160 1575 200 p.
1594 147 1744 188 38913.

131 288 355 323 uxorem
398 270 618 339 tyranni
654 269 920 338 polluere,
970 269 1109 322 sicut
1143 286 1242 322 1166
1279 269 1629 322 homicidium
1665 272 1745 337 ty-

131 359 364 394 rannum
402 340 656 394 occidere.
730 311 955 392 Ferruin
1000 340 1059 392 in
1096 357 1272 393 arcem
1308 340 1448 392 ferre
1484 339 1745 408 periculo—

131 430 252 464 sum
303 415 440 480 erat,
488 411 732 463 inuenire
779 410 953 463 facile.
1029 409 1088 463 Si
1134 414 1449 479 tyrannum,
1506 410 1743 478 inquam,

129 482 414 550 inuenero,
479 481 640 533 obuia
700 481 969 549 quaelibet
1028 499 1112 534 res
1172 481 1341 533 telum
1402 483 1516 533 erit.
1603 483 1744 532 certe

133 570 343 632 semper
368 569 548 604 secum
573 551 711 604 solet
746 551 943 604 habere
968 551 1172 604 ferrum
1207 554 1484 620 tyrannus,
1535 550 1787 629 gladius5

129 623 272 676 inter
309 622 441 675 duos
478 621 718 674 fortioris
756 625 851 674 est.
916 620 1087 684 Quam
1124 621 1384 675 sollicitus
1421 621 1629 674 adulter
1664 620 1745 672 fui

128 711 198 746 ne
234 711 347 746 non
384 691 830 761 deprehenderer!
870 691 884 763 ΙΙ

464 930 1168 1001 <CONTROVERSIA
1207 931 1421 1000 vm>

299 1046 618 1089 PATRONVS
651 1047 886 1089 OPERAS
918 1046 1213 1089 REMISSAS
1245 1045 1575 1104 REPETENs.

128 1157 234 1210 Per
281 1157 394 1209 uim
442 1160 751 1226 metumque
799 1161 951 1227 gesta
996 1157 1150 1210 irrita
1196 1157 1319 1210 sint.
1394 1155 1549 1209 Bello
1600 1156 1745 1209 ciuili
1770 1176 1809 1207 10

271 1230 532 1295 patronus
570 1229 744 1280 uictus
784 1231 837 1280 et
872 1228 1203 1297 proscriptus
1229 1231 1296 1280 ad
1332 1227 1585 1279 libertum
1621 1245 1745 1280 con-

270 1297 428 1367 rugit.
502 1300 759 1378 receptus
786 1301 867 1350 est
902 1298 969 1351 ab
1008 1316 1071 1350 eo
1111 1302 1164 1350 et
1199 1301 1420 1367 rogatus
1456 1300 1519 1349 ut
1557 1315 1745 1366 operas

270 1368 581 1422 remitteret.
628 1365 837 1421 remisit
875 1369 1284 1438 consignatione
1321 1367 1479 1420 facta.
1533 1368 1745 1420 restitu—

271 1442 358 1490 tus
396 1438 587 1491 indicit
624 1457 828 1509 operas,
887 1439 1223 1492 contradicit.

236 1536 505 1589 Patronus
531 1556 563 1589 a
598 1538 792 1590 liberto
819 1538 1216 1591 restitutionem
1251 1540 1395 1606 peto.
1454 1535 1512 1589 Si
1547 1536 1744 1606 pacisci
1768 1555 1808 1586 15

126 1610 256 1659 tunc
302 1625 334 1659 a
380 1625 465 1659 me
522 1608 783 1661 uoluisses
830 1626 1018 1677 operas
1030 1650 1044 1676 ,
1093 1607 1514 1676 spopondissem.
1590 1606 1746 1659 Bona

125 1677 269 1730 bello
325 1677 559 1746 perdidi,
612 1677 679 1731 ad
724 1679 1122 1732 restitutionem
1168 1678 1343 1730 nudus
1389 1678 1542 1745 ueni3
1599 1695 1745 1729 1111116

127 1748 444 1800 libertorum
482 1766 671 1817 operas
697 1748 953 1803 desidem.
1002 1749 1195 1802 Profer
1230 1748 1455 1801 tabellas
1492 1748 1587 1800 illa
1622 1765 1743 1816 pro-

127 1818 434 1887 scriptionis
460 1819 646 1871 tabula
671 1819 1020 1872 crudeliores:
1047 1819 1467 1888 persequebatur
1491 1818 1586 1870 illa
1611 1836 1744 1887 quos

126 1889 331 1941 uicerat
384 1889 488 1942 hae
514 1893 825 1958 persecutae
851 1894 978 1943 sunt
1003 1907 1138 1959 quos
1175 1892 1513 1970 receperant3
1554 1889 1611 1940 in
1649 1889 1743 1941 illa
1765 1908 1806 1939 20

125 1959 260 2012 ultio
308 1931 546 2028 1911115,111
590 1960 676 2012 his
712 1961 961 2029 perfidia3
1010 1960 1238 2029 denique
1286 1960 1380 2012 illa
1425 1960 1533 2012 iam
1571 1959 1742 2026 desiit,

125 2030 227 2082 hae
263 2034 624 2098 perseuerant.
699 2030 828 2083 Non
864 2049 1008 2099 mea,
1057 2031 1259 2099 inquit,
1310 2030 1401 2082 sed
1449 2030 1624 2082 aliena
1659 2030 1743 2081 uis

124 2100 244 2153 fuit.
319 2102 507 2170 Aeque
545 2100 738 2170 dignus
777 2105 858 2154 est
892 2119 1069 2170 poena
1095 2101 1187 2169 qui
1224 2101 1338 2168 ipse
1375 2100 1488 2151 uim
1525 2099 1744 2151 adhibet

126 2173 180 2222 et
217 2171 310 2238 qui
355 2172 423 2223 ab
472 2171 577 2224 alio
616 2172 832 2224 admota
868 2172 935 2224 ad
979 2171 1187 2223 lucrum
1225 2188 1380 2222 suum
1416 2169 1601 2222 utitm.
1676 2170 1742 2222 In

123 2240 268 2292 hunc
313 2242 547 2309 primum
601 2241 766 2294 incidi
814 2246 868 2294 et
905 2241 1032 2293 dum
1083 2241 1248 2293 timeo
1302 2258 1371 2292 ne
1418 2240 1783 2292 offenderem‘)
1766 2257 1807 2289 25

125 2314 336 2363 secutus
383 2330 501 2363 sum
548 2312 652 2363 hoc
698 2311 1014 2381 exigentem.
1088 2310 1217 2363 Non
1252 2310 1454 2379 recepit
1490 2329 1600 2379 me,
1652 2312 1743 2363 sed

123 2381 358 2433 inclusit.
431 2381 586 2434 Nihil
624 2384 705 2433 est
740 2382 921 2434 uenali
957 2381 1324 2434 misericordia
1359 2381 1585 2449 turpius,

230 2450 363 2503 Pars
408 2451 591 2504 altera.
665 2450 819 2503 Nihil
866 2453 967 2504 tibi
1016 2470 1150 2520 opus
1199 2455 1280 2504 est
1324 2454 1585 2520 potestas:
1639 2451 1741 2504 scis

123 2521 224 2574 tibi
261 2522 415 2574 illum
452 2539 641 2590 parere
680 2522 842 2574 etiam
879 2539 1001 2575 cum
1028 2523 1149 2592 cogi
1186 2540 1299 2575 non
1334 2525 1527 2590 potest.
1578 2520 1740 2583 Quas-

123 2592 258 2645 libet
301 2592 506 2645 indicas
555 2610 746 2661 operas
755 2634 770 2661 ,
819 2611 1114 2661 numquam
1161 2596 1343 2646 tamen
1390 2592 1593 2645 indices
1630 2595 1739 2644 tam
1763 2607 1804 2637 30

239 2780 265 2818 9
295 2777 576 2818 DIMISSAS
607 2779 653 2816 Μ
674 2775 689 2831 ΙΙ
713 2779 767 2818 14
799 2776 871 2819 Co
904 2780 949 2816 M
970 2776 985 2831 Η
1011 2779 1061 2819 19
1094 2777 1374 2819 credeliores
1405 2774 1592 2830 1122120
1623 2777 1740 2815 reci-

125 2838 294 2887 perant
324 2836 398 2873 Ma
433 2832 449 2887 ΙΙ
484 2837 538 2875 23
567 2835 722 2886 Atque
754 2835 798 2872 M
833 2832 848 2887 ΙΙ
887 2847 972 2888 que
1004 2836 1079 2873 Ma.
1116 2833 1131 2887 ΙΙ
1174 2835 1242 2875 28.
1269 2835 1322 2875 29
1355 2834 1487 2874 scisti
1517 2831 1647 2872 illum
1677 2834 1738 2882 M,

129 2903 246 2934 corr.
264 2889 394 2931 Burs.
419 2888 434 2944 ΙΙ
457 2892 510 2932 29
540 2903 704 2943 parare
735 2891 808 2930 Ma
831 2889 846 2943 ΙΙ
871 2904 967 2932 60111
999 2891 1072 2930 Ma

1915 2559 1938 2572 ,κ

1920 2573 1937 2588 k·

1917 2587 1942 2633 ἓ(

1941 2636 1942 2644 1

1913 2653 1938 2681 ’ζμῖ

1906 2761 1907 2764 ‘
1936 2751 1942 2845 1

1937 2922 1942 2995 1]

1939 3005 1942 3034 ι
