1890 3060
171 127 244 179 32
706 126 937 169 ANNAEI
967 126 1239 169 SENECAE
1591 143 1631 183 p.
1653 130 1707 170 26
1729 130 1782 173 B.
1836 0 1884 190 1

1867 210 1879 242 ιι

175 256 262 303 tus
299 251 549 304 fiduciam
599 268 831 321 surgere.
908 251 1083 304 CESTI
1121 250 1228 303 PII.
1284 251 1542 319 Inferam,
1590 251 1784 320 inquit,
1862 244 1883 314 ἒ

176 321 392 373 bellum.
467 321 538 373 ali
608 321 741 372 mihi
777 324 998 389 tropaea
1039 321 1321 389 promittit.
1395 321 1581 373 Potest
1616 322 1786 374 maior
1867 320 1887 382 ὲ·

177 391 361 443 uenire
409 409 569 459 quam
616 392 790 443 uictus
829 391 945 443 est?
1018 393 1406 444 ARGENTARII.
1459 390 1587 444 Non
1623 392 1788 459 pudet
1869 389 1883 424 ’ξ

177 461 314 514 uos?
339 461 507 529 pluris
532 463 752 529 tropaea
777 465 955 513 uestra
973 461 1175 514 Xerxes
1201 464 1463 514 aestumat
1488 479 1647 529 quam
1671 480 1785 514 uos.
1864 480 1872 517 -ῖ

280 530 530 583 DIVISIO.
570 530 794 583 FVSCVS
834 532 908 584 sic
945 531 1152 584 diuisit:
1193 532 1399 584 etiamsi
1424 535 1682 584 uenturus
1710 535 1789 584 est
1811 554 1830 586 5

178 600 372 653 Xerses
429 601 534 652 nisi
588 601 852 669 tollimus,
910 619 1023 654 non
1079 605 1204 653 sunt
1258 606 1478 670 tropaea
1533 602 1786 654 tollenda.

180 669 459 724 Confessio
499 671 772 722 seruitutis
812 674 892 723 est
927 671 1070 723 iussa
1105 670 1307 723 faeere:
1346 672 1391 723 si
1427 672 1790 754 ueneritssuin-
1865 734 1868 739 Ι

179 758 382 809 cemus3
441 740 543 793 hoc
589 759 703 793 non
750 743 830 793 est
879 741 970 792 diu
1016 741 1376 810 colligendum
1425 741 1487 793 de
1526 759 1614 793 eo:
1671 742 1788 794 dieo
1863 754 1867 779 -“

180 811 512 862 ‘uinoemus’
554 829 712 878 quem
750 811 990 863 uicimus,
1066 810 1171 864 Sed
1215 829 1283 863 ne
1332 811 1514 863 ueniet
1551 811 1788 879 quidem:

179 880 226 933 si
270 885 529 933 uenturus
581 884 719 934 esset
766 899 878 933 non
935 882 1300 949 denuntiaret3
1353 882 1554 933 fractus
1613 885 1692 933 est
1738 884 1791 933 et
1814 900 1866 936 102

179 950 384 1003 uiribus
423 954 477 1003 et
513 951 709 1004 animo.
763 951 1010 1004 CESTIVS
1049 955 1102 1004 et
1137 951 1271 1003 illud
1308 951 1525 1018 adiecit,
1566 951 1707 1019 quod
1734 952 1791 1003 in

179 1020 354 1089 prima
389 1024 540 1089 parte
578 1022 856 1090 tractauit,
895 1040 1008 1074 non
1044 1022 1203 1074 licere
1230 1022 1647 1074 Atheniensibus
1684 1025 1792 1074 tro·
1864 1031 1865 1034 ’

179 1109 315 1159 paea
350 1091 564 1143 tollere:
618 1110 898 1144 commune
946 1092 1003 1144 in
1050 1092 1157 1144 illis
1204 1093 1287 1144 ius
1334 1093 1500 1144 totius
1539 1091 1791 1144 Graeciae

181 1179 321 1229 esse3
361 1179 699 1214 communem
735 1162 1041 1231 uictoriam,
1079 1162 1280 1215 bellum
1304 1162 1467 1214 fuisse
1494 1179 1790 1214 commune.

182 1230 371 1283 deinde
428 1249 496 1283 ne
551 1231 632 1283 fas
679 1231 893 1300 quidem
940 1251 1075 1285 esse:
1132 1251 1425 1300 numquam
1474 1232 1677 1285 factum
1733 1235 1793 1284 ut
1816 1252 1857 1285 15

182 1300 463 1369 quisquam
501 1303 822 1354 consecratis
871 1303 1086 1355 uirtutis
1134 1320 1259 1354 suae
1307 1302 1556 1370 operibus
1603 1320 1793 1354 manus
1864 1318 1870 1357 ζ

184 1369 430 1424 adferret.
504 1371 614 1424 Ista
649 1374 870 1440 tropaea
906 1390 1018 1424 non
1057 1375 1182 1424 sunt
1207 1372 1635 1440 Atheniensium,
1675 1371 1794 1424 deo·
1863 1408 1875 1426 2

182 1459 302 1492 rum
339 1444 488 1510 sunt3
529 1441 747 1494 illorum
770 1442 972 1494 bellum
997 1442 1127 1510 fuit,
1165 1442 1287 1494 illos
1313 1442 1506 1516 Xerses
1532 1442 1793 1511 uinjssouliffi
1876 1452 1877 1455 ’

187 1511 309 1563 illos
347 1512 556 1580 sagittis
621 1530 746 1569 *erse
786 1514 1025 1565 uebatur.
1101 1512 1206 1564 Hie
1245 1513 1451 1579 omnia<
1462 1512 1529 1565 ad
1573 1513 1794 1581 impiam

74 1590 78 1596 ’
123 1585 154 1633 5
181 1584 236 1633 et
260 1582 543 1649 superbam
569 1530 761 1635 Xerxis
787 1570 946 1635 nnlffi
980 1560 1047 1664 113)
1068 1583 1409 1651 pertinentia.
1451 1580 1602 1644 'Quid
1628 1581 1793 1652 ergo?
1817 1594 1890 1638 20-i

185 1650 385 1703 bellum
422 1652 777 1705 habebimus?
825 1653 1133 1721 habuimus3
1184 1656 1237 1705 et
1274 1653 1318 1704 Si
1356 1652 1578 1705 Xersem
1626 1670 1794 1705 remo·
1883 1641 1890 1673 ¹

183 1721 356 1789 ueris,
394 1721 702 1775 inuenietur
739 1723 874 1776 alius
912 1723 1109 1776 hostis:
1147 1741 1442 1791 numquam
1466 1740 1664 1792 magna
1700 1723 1794 1774 im·
1879 1751 1890 1771 0

183 1792 332 1859 peria
358 1792 543 1844 otiosa.
595 1792 944 1846 Enumeratio
971 1794 1234 1846 bellorum
1259 1811 1510 1862 prospere
1538 1795 1604 1845 ab
1630 1792 1795 1845 Athe-

183 1853 776 1932 niensiffiestorum.
827 1863 1037 1915 Deinde
1062 1882 1176 1915 non
1203 1864 1305 1916 erit
1328 1864 1554 1915 bellum:
1594 1863 1795 1915 Xerxes
1884 1910 1890 1921 ,.

186 1931 326 1983 enim
373 1950 486 1985 non
524 1934 718 1986 ueniet.
795 1934 965 1986 multo
1014 1933 1309 1986 timidiores
1348 1951 1486 2021 esse¹
1500 1951 1664 2002 quom
1713 1952 1796 1986 su-
1819 1932 1890 1997 253

185 2002 488 2070 perbissimi
513 2003 730 2057 fuerint.
781 2003 1112 2072 Nouissime,
1140 2007 1201 2056 ut
1226 2004 1424 2072 ueniat,
1457 2021 1578 2056 cum
1604 2003 1796 2072 quibus

184 2072 368 2125 ueniet
380 2074 407 2124 ⁶?
445 2073 543 2125 reli
584 2075 698 2126 uias
736 2074 932 2127 uictori
968 2093 994 2126 e
1019 2077 1234 2127 nostrae
1270 2074 1511 2143 colliget:
1549 2073 1671 2127 illos
1710 2073 1800 2126 ad·
1884 2079 1890 2086 ’

189 2141 348 2194 ducet
384 2161 519 2210 quos
543 2092 733 2220 {miore
758 2142 913 2218 bellq
963 2145 1079 2197 uasi
1113 2140 1666 2242 inutilesYJreliquerat,
1706 2147 1799 2196 aut
1881 2163 1883 2166 ⁴

349 2193 369 2261 2

301 2258 324 2296 1
358 2257 476 2297 cesti
506 2259 570 2310 pii
595 2272 670 2301 om.
693 2259 730 2298 A
752 2256 767 2311 ΙΙ
790 2261 814 2298 2
846 2262 1023 2312 postest
1053 2260 1116 2299 Ba.
1136 2257 1153 2313 ΙΙ
1174 2262 1200 2301 3
1230 2258 1397 2312 podest
1426 2260 1469 2298 in
1499 2262 1653 2310 potest
1683 2271 1798 2299 corr.

185 2313 223 2351 A
244 2310 259 2364 ΙΙ
281 2315 307 2353 5
337 2314 498 2353 eiamsi
528 2314 566 2352 A
587 2311 602 2366 ΙΙ
626 2316 649 2353 6
682 2316 720 2355 si
749 2317 843 2354 STa
864 2314 879 2368 ΙΙ
909 2317 934 2356 8
968 2315 1242 2355 colliendum
1276 2315 1359 2355 deo
1392 2316 1420 2353 C
1441 2311 1457 2366 ΙΙ
1487 2315 1512 2354 9
1542 2327 1627 2354 nec
1658 2315 1755 2354 STa.
1783 2312 1797 2366 ΙΙ

187 2369 254 2408 10.
282 2370 331 2408 11
365 2369 448 2409 sed
478 2370 658 2410 uiribus
690 2373 718 2409 C
740 2369 755 2423 ΙΙ
779 2373 829 2411 11
861 2371 882 2393 *
901 2371 1015 2411 dicit
1046 2372 1075 2410 0
1098 2370 1113 2425 ΙΙ
1144 2373 1197 2411 14
1229 2383 1511 2411 communem
1543 2370 1798 2420 (commune

185 2422 239 2473 A)
270 2423 441 2465 bellum
482 2426 626 2467 fuisse
670 2439 901 2468 commune
939 2429 1177 2468 uictoriam
1209 2428 1237 2466 G
1276 2425 1292 2480 ΙΙ
1335 2429 1386 2468 16
1423 2439 1586 2466 munus
1617 2426 1647 2464 0
1688 2424 1703 2478 ΙΙ
1746 2427 1798 2466 lv
1883 2429 1890 2475 ἶ

187 2479 333 2520 ferret
354 2483 382 2519 0
416 2481 623 2522 auferret
644 2483 735 2533 ST3
757 2484 953 2525 inferret
977 2484 1023 2527 O.
1046 2485 1179 2529 Jahn,
1213 2485 1265 2523 16
1289 2486 1610 2523 consecratum
1628 2503 1683 2510 —
1703 2494 1798 2522 mu-

189 2548 275 2576 nus
306 2538 516 2578 auferret
545 2538 676 2582 Burs.
708 2537 723 2592 ΙΙ
758 2542 809 2581 19
842 2540 921 2581 illo
952 2541 989 2580 A
1018 2537 1034 2593 ΙΙ
1064 2540 1230 2592 sagitis
1261 2540 1327 2578 ST
1366 2540 1506 2592 agitis
1537 2538 1569 2577 B
1596 2535 1612 2591 ΙΙ
1642 2536 1663 2560 *
1683 2538 1799 2578 haec
1879 2525 1890 2588 2}

187 2593 340 2633 omnia
362 2593 413 2643 ⁰3
455 2595 587 2635 uerba
615 2595 732 2636 haec
762 2627 772 2637 .
791 2627 800 2636 .
818 2627 827 2637 .
858 2597 1094 2648 pertinent
1123 2597 1427 2648 interpolatori
1455 2594 1609 2636 debere
1638 2598 1797 2636 comeo.
1874 2589 1890 2650 j

187 2647 302 2689 Kon.
326 2646 341 2701 ΙΙ
364 2651 418 2690 20
450 2651 708 2703 superbiam
729 2653 825 2692 STa
845 2650 861 2705 ΙΙ
881 2650 907 2677 *
928 2653 1158 2705 pertinent
1188 2664 1243 2693 ea
1275 2651 1384 2705 quid
1405 2653 1433 2690 c
1463 2651 1691 2703 pertinent
1723 2663 1796 2690 ec·
1878 2649 1890 2700 3

189 2703 300 2755 quid
322 2706 399 2744 TV
430 2719 473 2758 p.
498 2711 543 2747 et
565 2707 674 2760 quid
694 2709 720 2747 S
741 2706 757 2761 fl
778 2709 1036 2750 remouebis
1062 2709 1113 2758 0,
1144 2721 1260 2750 corr.
1294 2706 1453 2748 Schult.
1477 2704 1494 2759 ΙΙ
1524 2708 1578 2748 23
1611 2706 1729 2746 enim
1760 2706 1799 2744 A
1882 2705 1890 2764 j

188 2760 384 2802 omnium
413 2762 545 2813 Bs'r,
575 2777 690 2804 corr.
713 2777 812 2817 eqo,
834 2766 988 2805 Haase
1010 2762 1026 2818 ΙΙ
1048 2766 1102 2806 25
1124 2777 1258 2818 quam
1279 2764 1330 2812 0,
1362 2776 1476 2805 corr.
1510 2760 1557 2803 O.
1580 2761 1766 2803 Ribbeck
1785 2757 1798 2813 Η

187 2818 242 2858 28
274 2817 494 2870 reliquias
525 2821 655 2861 nouit
679 2820 732 2870 0,
762 2834 875 2862 corr.
903 2821 1031 2864 Burs.
1064 2823 1136 2875 qui
1164 2827 1208 2861 et
1236 2820 1425 2872 reliquit
1455 2818 1576 2859 domi
1608 2821 1653 2858 et
1683 2817 1723 2858 si
1744 2839 1798 2847 —
1882 2819 1890 2866 ἢ

189 2875 433 2916 constituti
463 2884 568 2917 sunt
597 2878 827 2929 proposuit
1873 2853 1890 2965 ³
