1936 3100
197 145 302 198 332
721 148 950 189 ANNAEI
980 147 1254 190 SENECAE
1595 167 1637 204 p.
1653 155 1734 194 212
1750 155 1804 198 Β.

196 301 265 308 -
305 273 418 322 erat
463 271 608 323 enim
643 271 898 339 paruolus
935 275 1162 341 statura,
1209 277 1429 342 propter
1465 277 1608 343 quod
1646 277 1806 328 etiam

29 353 105 396 153,
125 356 167 396 5.]
199 339 440 393 Catullus
465 341 522 393 in
559 341 1016 410 hendecasyllabis
1045 347 1204 396 uocat
1241 343 1395 397 illum
1433 345 1806 414 esalaputtium

197 410 482 463 disertum'
518 443 590 450 —
628 417 681 463 et
716 412 930 481 iurauit,
969 413 1015 465 si
1051 431 1211 485 quam
1247 414 1499 467 iniuriam
1527 414 1658 469 Cato
1685 416 1806 469 Pol-

195 481 330 534 lioni
366 482 558 534 Asinio
598 483 894 535 accusatori
932 501 1028 536 suo
1066 483 1295 553 fecisset,
1336 503 1390 537 se
1416 485 1473 537 in
1513 504 1633 538 eum
1669 487 1806 539 iura—

194 554 375 603 turum
432 552 779 621 calumniam3
835 571 934 605 nec
988 572 1242 623 umquam
1295 559 1481 624 postea
1541 556 1717 609 Pollio
1776 577 1807 610 a
1829 574 1850 607 5

196 621 400 675 Catone
449 622 827 692 aduocatisque
866 625 979 676 eius
1016 628 1109 677 aut
1145 643 1201 678 re
1240 630 1333 679 aut
1370 627 1534 680 uerbo
1573 628 1806 681 uiolatus

195 695 289 744 est.
355 691 573 745 Solebat
607 697 884 761 praeterea
920 695 1173 749 excedere
1220 697 1470 749 subsellia
1506 716 1602 750 sua
1638 702 1692 750 et
1727 699 1806 750 in-

193 766 322 830 petu
359 763 499 815 latus
536 782 702 832 usque
740 765 798 816 in
835 765 1260 818 aduersariorum
1297 770 1504 835 partem
1541 772 1807 820 transcur-

193 849 325 885 rere.
375 833 449 885 Et
486 835 723 887 carmina
760 852 972 904 quoque
1011 836 1139 904 eiUS,
1183 838 1428 905 quamuis
1464 838 1646 890 iocosa
1683 839 1806 906 sint,

194 903 355 971 plena
393 908 520 957 sunt
556 905 793 974 ingentis
831 906 1014 959 animi.
1090 907 1219 960 dicit
1255 907 1318 960 de
1356 907 1640 976 Pompeio:
1832 927 1873 959 10

1044 1004 1212 1075 digito
1250 1010 1411 1075 caput
1447 1025 1556 1059 uno

136 1076 167 1123 8
339 1071 557 1140 Scalpit.
610 1074 737 1141 quid
776 1075 956 1127 credas
994 1074 1137 1128 hunc
1175 1076 1276 1128 sibi
1314 1076 1493 1129 uelle?
1531 1078 1722 1130 uirum.

196 1169 528 1238 Compositio
569 1189 781 1240 quoque
820 1173 933 1225 eius
970 1174 1027 1225 in
1064 1174 1364 1227 actionibus
1402 1174 1467 1226 ad
1507 1175 1808 1243 exemplum

194 1239 575 1293 Demosthenis
611 1242 779 1310 riget:
817 1243 955 1294 nihil
992 1243 1050 1295 in
1075 1244 1169 1295 illa
1202 1244 1486 1313 placidum,
1528 1245 1662 1298 nihil
1687 1246 1808 1299 lene

196 1314 300 1377 est,
350 1311 530 1363 omnia
586 1312 817 1364 excitata
864 1317 918 1365 et
971 1313 1301 1367 fluctuantia.
1375 1314 1479 1367 Hic
1523 1319 1704 1368 tamen
1748 1317 1807 1368 in
1831 1335 1872 1367 15

196 1381 410 1450 epilogo
451 1399 609 1450 quem
646 1401 744 1451 pro
772 1382 968 1436 Messio
1007 1387 1137 1437 tunc
1162 1385 1321 1437 tertio
1361 1403 1574 1438 causam
1601 1385 1809 1439 dicente
1883 1450 1888 1454 v

196 1452 410 1520 habuit,
466 1470 579 1504 non
633 1456 844 1505 tantum
898 1454 1091 1507 leniter
1145 1456 1446 1524 componit,
1504 1455 1594 1508 sed
1649 1457 1811 1509 etiam

197 1522 350 1574 dicit:
412 1523 636 1576 ‘credite
691 1524 850 1593 mihi,
906 1543 1017 1577 non
1074 1529 1154 1577 est
1216 1529 1372 1594 turpe
1427 1526 1693 1579 misereri’
1758 1530 1812 1579 et

196 1593 468 1662 <cetera>3
527 1594 710 1646 omnia
762 1595 819 1646 in
866 1595 959 1648 illo
1012 1596 1225 1665 epilogo
1272 1597 1384 1649 fere
1440 1615 1550 1649 non
1598 1601 1810 1650 tantum

200 1662 468 1716 emollitae
507 1665 897 1732 conpositionis
935 1669 1082 1734 sunt,
1132 1666 1223 1718 sed
1259 1667 1532 1720 infractae.
1606 1667 1673 1719 In
1709 1667 1809 1720 hac
1832 1688 1874 1720 20

198 1735 562 1787 controuersia
609 1734 970 1788 Publilianam
1026 1737 1346 1790 sententiam
1393 1738 1538 1790 dedit
1583 1737 1808 1791 FESTVS

197 1803 415 1872 quidam
461 1805 671 1874 rhetor,
722 1810 955 1859 staturae
1002 1807 1250 1875 pusillae,
1298 1808 1356 1859 in
1393 1826 1551 1877 quem
1588 1808 1810 1860 EVCTE-

196 1888 339 1942 MON,
379 1875 542 1928 homo
581 1877 947 1929 uenustissimi
984 1878 1187 1946 ingeni,
1228 1879 1428 1931 Graece
1467 1879 1626 1931 dixit:
1665 1882 1810 1931 ante-

200 1963 360 2012 quam
416 1949 469 1998 te
524 1946 785 2016 uiderem,
840 1949 1143 2001 nesciebam
1198 1948 1441 2001 rhetoras
1496 1949 1809 2001 uictoriatos

196 2033 323 2067 esse.
356 2017 372 2084 Η
409 2015 535 2069 Fuit
572 2021 750 2070 autem
788 2017 964 2071 FESTl
1003 2019 1293 2072 sententia:
1335 2023 1541 2088 ‘captus
1579 2023 1684 2088 est,
1731 2019 1810 2071 in·
1832 2037 1874 2069 25

341 2176 365 2213 2
406 2173 606 2216 Caturus
646 2176 693 2215 in
739 2174 948 2216 hendeca
997 2175 1166 2226 syllabi
1201 2180 1333 2216 sucat
1371 2178 1467 2215 CTa
1516 2174 1532 2229 ss
1572 2178 1597 2217 3
1636 2176 1810 2216 iurabit

198 2229 299 2267 CTa
339 2228 354 2282 ΙΙ
396 2231 436 2269 si
468 2243 558 2282 qua
587 2233 616 2270 G
649 2230 664 2283 ΙΙ
705 2235 730 2272 5
762 2232 991 2272 calumnia
1020 2232 1053 2270 Β
1095 2229 1110 2283 ΙΙ
1141 2246 1196 2273 ne
1225 2232 1393 2284 fiquam
1425 2234 1456 2271 Τ
1497 2231 1513 2284 ΙΙ
1549 2235 1572 2273 7
1605 2232 1809 2273 subselia

198 2285 226 2322 G
257 2283 272 2336 ΙΙ
312 2286 338 2325 8
373 2285 520 2326 elatus
554 2289 586 2326 T
624 2285 643 2340 Ι]
670 2292 802 2339 parte
832 2288 911 2326 AT
933 2285 948 2339 ΙΙ
979 2289 1003 2328 9
1036 2288 1194 2339 quauis
1226 2288 1326 2328 ioco
1357 2289 1451 2328 sint
1482 2291 1514 2327 T
1554 2289 1809 2342 quamuisio

199 2352 310 2380 casa
343 2341 402 2380 sit
433 2343 484 2389 0,
526 2355 638 2386 corr,
671 2344 908 2383 Pontianus
949 2341 964 2394 ΙΙ
1009 2345 1058 2384 12
1091 2357 1177 2397 quo
1210 2345 1239 2382 0
1261 2342 1277 2397 ΙΙ
1308 2344 1428 2384 belle
1460 2346 1561 2384 GTa
1590 2344 1606 2398 ΙΙ
1637 2347 1689 2386 14
1720 2346 1810 2384 riet

196 2397 260 2435 Ba
300 2401 432 2448 reget
460 2398 519 2446 A,
559 2399 688 2451 uiget
720 2399 766 2438 0.
802 2399 909 2439 [alm
959 2396 974 2451 ΙΙ
1028 2402 1079 2440 15
1116 2400 1358 2440 fluctantia.
1389 2402 1450 2439 'ra
1481 2401 1734 2443 fructantia
1765 2402 1807 2449 (Σ,

196 2453 432 2493 fluitantia
471 2454 543 2494 W.
567 2455 726 2496 Miiller
757 2454 986 2496 luctantia
1017 2453 1072 2498 N.
1108 2457 1284 2509 Madviq
1323 2455 1340 2509 ss
1382 2458 1433 2496 16
1465 2470 1597 2510 quam
1630 2459 1657 2497 C
1697 2455 1713 2510 ΙΙ
1743 2456 1809 2497 di-

197 2514 372 2548 centem
406 2510 432 2549 C
469 2507 484 2561 ΙΙ
528 2511 578 2551 17
612 2511 778 2551 leuiter
810 2511 839 2549 0
875 2508 890 2562 ΙΙ
933 2525 1032 2552 cum
1063 2513 1108 2564 0,
1142 2514 1282 2553 etiam
1315 2512 1471 2554 Scluat.
1510 2512 1526 2566 ΙΙ
1570 2516 1620 2555 19
1651 2518 1808 2554 cetera

196 2565 348 2606 addidi
379 2564 394 2618 ΙΙ
437 2566 556 2606 ferre
589 2566 654 2619 011
696 2568 744 2607 21
781 2570 1139 2609 controuersiam
1173 2571 1201 2608 C
1237 2567 1253 2621 Η
1294 2568 1595 2611 publicanam
1626 2572 1689 2610 Ta
1718 2569 1807 2609 Pu-

194 2620 402 2662 blianam
424 2622 545 2673 GTb,
576 2637 690 2664 eor-r.
707 2622 838 2665 Burs.
861 2621 877 2676 ΙΙ
901 2624 1026 2665 fecus
1059 2624 1115 2678 (5³)
1146 2626 1183 2664 A
1214 2627 1336 2666 fetus
1356 2625 1452 2672 BT,
1484 2640 1596 2672 corr,
1615 2627 1770 2667 Schult.
1793 2623 1808 2677 Η

195 2678 248 2717 22
290 2690 379 2730 qua
418 2681 653 2720 (Euctemon
684 2681 720 2719 A
766 2682 851 2731 qua
891 2684 1131 2722 euctemon
1167 2682 1245 2721 ΒΤ
1295 2679 1311 2732 ΙΙ
1361 2683 1414 2722 23
1452 2682 1805 2723 uenustissimae

197 2731 261 2785 011
304 2735 489 2787 egregie
510 2737 530 2775 ?
572 2734 588 2789 ΙΙ
618 2738 673 2776 24
703 2736 857 2776 nescie
890 2738 916 2777 c
948 2738 1106 2779 nescio
1138 2740 1192 2789 Τ,
1225 2751 1341 2778 corr.
1376 2737 1523 2780 Schotc
1553 2737 1568 2791 ΙΙ
1597 2738 1806 2778 rheturas

195 2834 223 2927 ξ
252 2830 267 2884 ΙΙ
297 2805 656 2918 retvoranforatoi·
683 2804 813 2876 essetS
835 2837 866 2874 Τ
889 2833 904 2888 ΙΙ
934 2837 987 2876 25
1018 2836 1169 2877 haesti
1202 2836 1319 2875 CTV
1353 2834 1497 2876 Cestii
1529 2838 1658 2886 ng,
1689 2836 1805 2877 haec

214 2889 329 2928 *esti
363 2920 371 2928 .
