1942 3034
213 136 318 189 322
736 134 968 178 ANNAEI
989 133 1262 177 SENECAE
1605 150 1648 190 p.
1669 137 1752 179 203
1772 137 1832 179 E.

355 264 441 313 tus
481 259 609 329 quid
647 263 800 328 esset,
839 258 974 311 dixit
1008 276 1278 311 uenenum
1316 262 1369 312 et
1405 259 1543 312 uelle
1584 277 1637 312 se
1674 261 1833 329 mori,

359 335 413 384 et
451 330 652 384 effudit.
729 333 1004 382 accusatur
1042 329 1309 398 parricidi.
1480 341 1483 343 ’

158 437 184 482 1
323 428 497 483 CESTI
535 428 644 481 ΡΗ.
702 427 804 480 Dic
842 427 970 496 quid
1008 427 1380 480 commiserim.
1431 428 1642 480 nescis?
1691 431 1833 481 certe

218 517 318 552 nec
356 503 559 552 secreta
596 501 648 550 te
673 497 888 550 fallunt.
940 496 1195 551 Dimittat
1231 515 1342 551 me:
1381 498 1709 568 intellegetis
1746 499 1830 551 cui

218 570 537 639 parauerim.
612 568 715 621 Dic
765 567 894 637 quid
941 571 1066 621 ante
1114 569 1495 621 commiserim:
1543 569 1834 628 nisi,forte
1856 588 1880 621 5

221 643 508 694 contentus
535 657 590 692 es
617 657 709 692 reo
738 639 948 691 obicere
973 639 1333 708 parricidium,
1359 639 1654 708 parricidae
1678 639 1833 692 nihil.

220 713 588 763 ARGENTARL
639 708 806 762 Volui
843 709 982 761 mori
1020 709 1146 777 quia
1182 726 1304 762 reus
1340 709 1436 762 fui.
1501 709 1629 778 quid
1667 709 1835 780 ergo?

220 798 379 833 nemo
437 797 558 833 reus
615 779 800 832 uiuet?
862 779 1013 832 uiuet
1068 779 1155 833 cui
1210 778 1510 832 sordidatus
1564 779 1838 832 adsedebit

218 854 386 920 pater.
462 849 725 903 Reuertar
778 849 845 902 ad
882 866 1176 918 uenenum,
1216 850 1472 918 quoniam
1508 850 1695 919 iniqua
1730 849 1837 903 for-

218 926 352 974 tuna
398 921 549 974 nullo
606 938 692 973 me
740 920 979 989 periculo
1033 919 1256 990 defungi
1312 920 1474 973 semel
1527 938 1684 989 passa
1740 922 1834 973 est.
1860 939 1902 972 10

219 994 449 1044 ALBVCI
490 990 626 1044 SILI.
693 989 867 1052 Quare
906 1007 1033 1060 ergo
1070 1008 1183 1043 non
1220 991 1482 1043 moreris?
1537 1009 1650 1044 non
1687 991 1841 1044 iuuat

220 1079 305 1114 me
357 1061 495 1114 mori
544 1061 589 1114 si
638 1078 796 1129 quem
843 1061 1007 1113 alium
1054 1060 1221 1113 iuuat.
1295 1060 1372 1114 Vt
1416 1061 1732 1129 interuenit,
1779 1061 1838 1112 in

220 1133 318 1184 has
376 1131 731 1202 cogitationes
788 1131 921 1183 abii:
978 1147 1105 1200 ergo
1159 1131 1440 1199 quisquam
1492 1134 1603 1184 tam
1649 1130 1839 1184 infelix

221 1201 367 1254 fuit?
406 1218 533 1271 ergo
574 1201 855 1269 quisquam
893 1218 978 1253 me
1015 1201 1187 1269 magis
1214 1200 1328 1254 odit
1365 1219 1525 1269 quam
1563 1200 1705 1271 ego?
1742 1202 1838 1253 mi·

165 1277 194 1323 2
225 1272 389 1325 sereri
426 1272 532 1324 mei
571 1272 738 1339 coepi.
813 1270 964 1322 VARI
1005 1270 1242 1323 GEMINI.
1283 1270 1421 1340 ‘Ter‚
1460 1272 1653 1340 inquit,
1692 1271 1835 1324 abdi·
1860 1289 1902 1322 15

225 1346 373 1396 catus
413 1346 505 1394 es’.
556 1340 771 1394 Videris
809 1341 959 1409 mihi,
997 1343 1166 1409 pater,
1206 1340 1414 1394 obicere
1454 1341 1596 1410 quod
1633 1341 1838 1394 tamdiu

219 1413 419 1465 uiuam.
498 1411 652 1474 Quod
696 1411 885 1479 uenio,
935 1411 1078 1479 quod
1122 1429 1221 1479 pro
1268 1429 1353 1464 me
1401 1412 1624 1481 loquor,
1671 1412 1841 1465 nolite

219 1483 432 1536 mirari:
471 1485 583 1535 tam
609 1481 903 1535 iucundum
930 1485 1010 1534 est
1035 1481 1414 1535 innocentibus
1440 1481 1654 1536 defendi
1679 1501 1839 1552 quam

221 1553 429 1606 miseris
490 1553 643 1607 mori.
722 1551 985 1606 CORNELI
1046 1551 1312 1606 HISPANI.
1396 1551 1518 1607 Scio
1582 1552 1841 1622 quosdam

222 1623 579 1692 periclitantis
616 1622 711 1675 illa
747 1623 973 1675 iactare:
1011 1640 1156 1675 nunc
1191 1623 1426 1691 primum
1452 1641 1664 1676 causam
1704 1623 1836 1676 dico,
1862 1640 1903 1673 20

220 1694 355 1746 haec
394 1710 493 1763 ego
535 1693 708 1746 dicere
745 1711 858 1746 non
895 1710 1141 1762 possum3
1190 1697 1277 1745 ter
1312 1711 1434 1746 reus
1482 1694 1562 1746 fui
1610 1711 1709 1746 nec
1748 1693 1840 1745 du-

220 1765 363 1833 bito,
417 1764 548 1833 quin
594 1763 749 1816 uobis
797 1764 855 1815 in
906 1762 1086 1816 odium
1132 1763 1399 1833 uenerim,
1446 1781 1566 1816 cum
1603 1764 1716 1832 ipse
1754 1782 1840 1816 me

223 1834 440 1887 oderim.
514 1833 698 1887 PORCI
734 1832 1051 1887 LATRONIS.
1103 1832 1206 1886 Ter
1244 1851 1456 1887 causam
1495 1834 1629 1903 dixi3
1669 1851 1840 1887 acces-

223 1905 293 1958 sit
331 1904 397 1957 ad
449 1905 581 1957 haec
620 1903 882 1973 supplicia
927 1922 1046 1957 mea
1094 1922 1389 1974 uenenum3
1428 1908 1615 1974 teneo3
1654 1904 1757 1958 hoc
1796 1905 1840 1957 si

219 1975 322 2028 tibi
361 1975 489 2028 satis
525 1992 638 2028 non
677 1978 771 2044 est,
811 1975 1008 2027 uiuam.
1862 1990 1903 2024 25

162 2052 192 2098 3
327 2045 514 2098 Altera
550 2063 690 2114 pars.
768 2045 995 2097 ALBVCI
1034 2044 1172 2098 SILI.
1222 2043 1413 2097 Testor
1450 2044 1575 2097 deos
1624 2044 1838 2096 immor-

222 2116 358 2169 tales
396 2116 500 2168 hoc
537 2134 622 2168 me
660 2116 832 2168 tribus
881 2116 988 2168 iam
1026 2115 1456 2169 abdicationibus
1495 2114 1722 2183 cauisse,
1770 2132 1838 2167 ne
1938 2135 1942 2199 ἐ

1939 2201 1942 2228 i

356 2317 377 2353 1
424 2313 541 2354 dixit
571 2325 678 2353 num
711 2317 755 2353 et
786 2313 899 2353 Ara
937 2312 1172 2354 dixtenum
1208 2317 1253 2353 et
1282 2313 1315 2352 B
1357 2311 1371 2365 ΙΙ
1413 2315 1438 2355 3
1468 2313 1603 2354 necci
1635 2315 1688 2364 0,
1722 2326 1836 2355 corr.

219 2369 352 2413 Burs.
375 2368 391 2421 ss
424 2371 451 2409 4
482 2382 566 2410 nec
599 2382 646 2410 se
678 2381 764 2409 nec
794 2371 822 2409 c
844 2367 860 2422 ss
890 2368 1115 2410 dimittam
1147 2372 1193 2410 te
1226 2369 1277 2421 0,
1310 2382 1424 2414 corr.
1456 2369 1591 2411 Burs.
1624 2367 1639 2422 ΙΙ
1668 2369 1840 2410 intelli·

222 2426 332 2479 gitis
363 2426 400 2465 Δ
422 2422 437 2478 ΙΙ
460 2426 485 2466 5
515 2425 605 2466 Dic
628 2425 705 2478 qui
727 2426 755 2464 C
777 2423 792 2478 ΙΙ
815 2425 905 2466 nisi
928 2425 1044 2466 forte
1067 2426 1158 2466 nisi
1181 2428 1209 2465 C
1225 2429 1417 2467 *alterum
1438 2426 1527 2467 nisi
1558 2427 1641 2469 del.
1670 2426 1796 2469 Am.2
1826 2424 1840 2478 ΙΙ

221 2484 246 2523 6
277 2480 574 2535 parricidium
612 2481 674 2522 bis
710 2484 913 2535 scriptum
950 2482 1030 2522 ΔΤ
1071 2479 1087 2534 ΙΙ
1129 2484 1153 2523 7
1183 2482 1289 2523 uolo
1321 2482 1372 2535 0,
1412 2495 1526 2525 corr.
1559 2480 1719 2523 Schuzt.
1761 2479 1776 2534 ΙΙ
1813 2482 1839 2522 8

219 2538 335 2579 mori
367 2538 420 2588 0,
453 2549 584 2579 nemo
605 2537 734 2578 Burs.
757 2535 773 2590 ΙΙ
795 2541 971 2579 alterum
1001 2538 1133 2579 uiuet
1161 2551 1239 2580 om.
1263 2540 1292 2577 C
1314 2536 1329 2592 ΙΙ
1352 2539 1461 2592 quia
1492 2539 1537 2589 0,
1571 2538 1647 2580 cui
1676 2538 1805 2581 Gron.
1826 2534 1839 2589 Η

221 2593 454 2636 adsederit
476 2596 496 2634 Ῥ
538 2591 554 2647 ΙΙ
591 2595 616 2635 9
646 2596 765 2635 uem']
798 2595 836 2633 A
876 2592 891 2648 ΙΙ
927 2595 1074 2648 iniqui
1104 2595 1137 2635 B
1176 2591 1197 2649 ΙΙ
1227 2596 1279 2636 10
1309 2607 1478 2648 passea
1508 2597 1536 2634 c
1576 2592 1592 2647 ΙΙ
1635 2596 1684 2634 11
1718 2592 1839 2634 Sillii

222 2652 251 2690 c
273 2647 292 2704 {l
311 2650 442 2691 iubat
471 2652 499 2689 G
529 2650 658 2692 iubet
687 2653 747 2690 Ta
769 2649 784 2704 ΙΙ
808 2653 860 2692 13
892 2650 1007 2691 alias
1039 2651 1082 2702 0,
1113 2650 1197 2692 has
1227 2652 1262 2690 E
1284 2648 1299 2704 ΙΙ
1323 2653 1375 2692 14
1404 2651 1607 2692 miserim
1638 2654 1684 2690 et
1704 2650 1805 2688 cra
1826 2646 1839 2700 Η

223 2708 275 2747 16
308 2706 494 2748 abicere
527 2709 555 2746 c
599 2704 615 2760 ΙΙ
661 2708 712 2747 17
750 2708 783 2761 13
811 2720 881 2748 me
914 2709 941 2747 C
983 2705 998 2759 ΙΙ
1043 2709 1096 2748 18
1126 2707 1366 2748 miraraita
1395 2707 1433 2747 A
1473 2705 1488 2761 ΙΙ
1517 2705 1838 2747 innocentibus

221 2763 335 2805 mori
379 2775 512 2816 quam
550 2763 732 2804 miseris
771 2763 953 2804 defendi
984 2765 1036 2815 0,
1077 2777 1191 2805 corr.
1227 2764 1399 2814 Haase,
1441 2764 1511 2805 W.
1541 2761 1704 2803 Miller
1739 2757 1754 2812 ΙΙ
1783 2761 1839 2801 20

222 2818 504 2872 periclitatis
535 2819 568 2858 B
603 2817 618 2872 ΙΙ
653 2820 704 2860 21
736 2820 825 2860 iter
857 2820 886 2858 0
928 2818 943 2872 ΙΙ
983 2822 1036 2861 21
1069 2820 1222 2861 subito
1255 2819 1328 2873 qm
1355 2821 1455 2860 CTa
1493 2816 1512 2872 Η
1549 2819 1603 2859 23
1633 2816 1690 2858 ad
1721 2814 1839 2857 cessi

227 2876 273 2928 0,
307 2875 511 2918 adcessit
541 2875 591 2928 E,
626 2877 852 2918 arcessiui
884 2876 939 2918 N.
973 2874 1185 2930 Madviyfl
1207 2877 1261 2917 25
1291 2876 1442 2918 bibam
1473 2874 1631 2916 Schult.
