1936 3100
149 148 253 201 346
684 145 914 187 ANNAEI
955 143 1229 197 SENECA-»E
1416 152 1420 153 ’
1541 158 1583 198 p.
1602 147 1684 187 223
1706 142 1759 188 Β.

149 276 229 325 est
263 271 575 340 praemium,
614 287 782 321 unum
820 270 1057 336 spectare
1096 268 1333 321 omnium
1371 271 1589 321 cruces?
1639 268 1760 322 Cer-

148 347 263 395 tum
300 341 473 394 habeo
485 381 498 408 ,
551 340 596 392 si
632 339 910 392 habuisset
953 341 1214 407 tyrannus
1252 339 1447 407 filiam,
1470 357 1598 391 *non
1637 339 1761 390 scri—

147 413 341 481 psisset
378 411 624 463 edictum.
699 409 896 462 Indicit
931 409 1130 462 festum
1168 409 1331 476 diem,
1382 410 1577 477 aperiri
1613 409 1763 461 iubet

146 483 412 535 maiorum
437 481 714 550 imagines,
742 498 861 532 cum
886 479 1115 531 maxime
1140 479 1402 549 tegendae
1422 483 1562 532 sunt.
1609 479 1761 531 VARI

149 552 386 605 GEMINI.
438 550 641 603 Eadem
678 550 813 602 hora
850 553 904 602 et
939 550 1191 602 libertum
1228 549 1358 602 fecit
1395 553 1450 602 et
1485 567 1758 619 generum.
1783 563 1803 594 5

148 627 251 676 hoc
287 622 463 675 fecisti
490 620 633 690 quod
664 624 926 689 tyrannus
963 638 1076 673 non
1101 620 1247 689 cogit
1283 620 1388 672 nisi
1427 638 1545 672 cum
1584 620 1763 672 irasci-

146 698 251 760 tur,
291 709 474 744 seruos
500 710 568 743 ne
605 693 735 742 tunc
762 690 976 758 quidem
1003 690 1134 742 facit
1168 708 1287 742 cum
1315 691 1540 759 cogitur.
1595 689 1764 750 Gene-

147 781 267 815 rum
291 763 456 814 habes
483 761 736 830 qualem?
776 764 836 813 ut
860 761 941 813 illi
967 760 1331 813 laudationem
1357 779 1506 812 suam
1531 760 1762 826 reddam,

148 851 342 901 nempe
378 832 524 901 frugi
563 850 790 885 seruum.
868 830 1047 883 Seruis
1083 831 1191 883 tuis
1228 831 1519 899 pariturast
1554 830 1762 882 fratres

152 903 424 966 Quantum
462 902 529 954 ad
567 902 957 970 expositionem
995 919 1175 953 rerum
1211 901 1460 969 pertinet,
1500 903 1625 953 sunt
1651 900 1763 968 qui-
1788 914 1827 943 10

153 979 271 1026 dem
297 973 486 1026 acerba
510 972 810 1041 tyrannidis
836 972 991 1039 mala,
1029 975 1212 1024 tamen
1236 971 1475 1024 tristiora
1500 989 1765 1039 exponam

151 1062 286 1113 quae
324 1046 448 1112 post
494 1042 832 1111 tyrannidem
879 1046 1030 1111 gesta
1066 1045 1206 1094 sunt.
1282 1041 1408 1094 Non
1456 1042 1765 1094 dubitabam

151 1115 284 1182 quin
321 1116 458 1166 esset
493 1113 860 1181 tyrannicidae
907 1115 1158 1180 nuptura.
1235 1111 1292 1164 Si
1329 1112 1345 1180 ΙΙ
1387 1113 1484 1163 sub
1530 1115 1762 1180 tyranno

149 1185 340 1237 uitiata
387 1187 549 1251 esset,
598 1183 927 1251 (solacium)
965 1182 1279 1235 haberemus
1326 1183 1454 1234 hoc:
1502 1200 1615 1234 non
1662 1182 1761 1233 tibi

150 1255 245 1306 uni
284 1254 492 1306 accidit.
543 1253 800 1305 Nondum
822 1253 1056 1305 occisum
1090 1255 1380 1320 tyrannum
1404 1255 1552 1321 putO,
1580 1252 1762 1304 etiam·
1788 1265 1826 1296 1⁵

68 1331 130 1375 11
151 1343 296 1377 nunc
355 1323 664 1393 tyrannicas
725 1323 942 1390 nuptias
1003 1323 1178 1374 uideo,
1253 1322 1544 1375 MARVLLI.
1606 1321 1765 1374 Nunc

155 1396 318 1448 sciam
356 1413 426 1447 an
473 1393 664 1446 merito
711 1394 1014 1445 libertatem
1063 1393 1327 1460 acceperis
1337 1434 1351 1461 ,
1402 1393 1447 1444 si
1482 1393 1618 1444 liber
1653 1411 1766 1444 non

151 1465 407 1518 merueris
446 1482 672 1517 crucem.
748 1463 850 1516 hoc
889 1464 1033 1531 quod
1071 1463 1246 1515 obicio
1286 1463 1378 1531 qui
1426 1463 1484 1514 in
1521 1463 1764 1531 pluribus

151 1537 295 1604 fecit,
336 1535 539 1588 occisus
579 1538 671 1587 est.
746 1534 806 1586 P.
834 1533 1048 1587 VINICI.
1088 1533 1250 1586 Nunc
1288 1534 1347 1585 in
1384 1533 1543 1585 domo
1581 1536 1765 1585 nostra

152 1606 555 1659 matrimonium
594 1608 688 1672 est,
729 1605 878 1657 cuius
913 1623 997 1656 me
1037 1603 1262 1671 puderet
1297 1604 1458 1655 etiam
1496 1604 1541 1655 si
1578 1606 1763 1670 raptus
1789 1615 1829 1645 20

154 1681 307 1729 esset.
384 1674 556 1737 Quam
602 1676 824 1727 miseros
870 1675 1099 1743 putatiS,
1146 1673 1346 1726 iudices
1358 1715 1371 1742 ,
1422 1692 1534 1726 esse
1573 1674 1790 1741 quibus,

155 1747 259 1800 duo
299 1765 434 1815 quae
472 1746 770 1798 miserrima
808 1748 934 1797 sunt
971 1744 1206 1812 optanda
1230 1744 1464 1812 fuerunt,
1502 1747 1765 1812 tyrannus

153 1821 207 1870 et
242 1817 465 1886 raptor?
520 1816 644 1868 Vna
681 1833 878 1885 genero
917 1819 1012 1867 tuo
1051 1814 1444 1867 commendatio
1485 1816 1580 1882 est,
1621 1813 1765 1882 quod

154 1907 210 1940 se
247 1887 534 1956 aliquando
574 1888 677 1939 ista
713 1886 893 1954 puella
939 1885 1154 1954 putauit
1199 1885 1498 1954 indignum.
1574 1884 1764 1936 VALLI

155 1958 409 2012 SYRIACI.
460 1957 526 2009 In
564 1975 626 2009 ea
663 1957 1002 2025 condicione,
1041 1955 1268 2024 iudices,
1308 1973 1505 2023 sumUS,
1545 1958 1606 2006 ut
1643 1972 1765 2007 con-
1788 1963 1829 1995 25

154 2029 317 2081 solari
364 2028 648 2080 debeamus
696 2045 959 2096 sororem,
1009 2026 1151 2094 quod
1201 2029 1293 2078 aut
1339 2028 1492 2093 rapta
1538 2043 1648 2077 non
1696 2025 1766 2076 sit

155 2102 248 2151 aut
292 2099 552 2167 nupserit.
627 2101 680 2150 et
727 2101 908 2150 tamen
955 2097 1081 2165 quid
1129 2097 1219 2148 ille
1268 2096 1463 2148 meruit
1510 2094 1764 2162 quamdiu

74 2177 136 2223 12
154 2188 250 2238 per
305 2169 582 2222 dominum
635 2169 788 2220 licuit
843 2167 1310 2219 innocentissimus
1368 2164 1591 2216 seruus?
1666 2163 1763 2216 SE-

154 2253 329 2290 PVLLI
352 2238 544 2291 BASSI.
595 2238 828 2305 Nuptias
867 2238 1045 2289 clausa
1071 2236 1229 2287 domo
1267 2235 1505 2286 fecimus,
1556 2235 1614 2285 in
1640 2252 1762 2286 con-

153 2309 462 2361 tubernium
500 2308 724 2360 deducta
762 2307 903 2358 serui
941 2306 1157 2359 domina
1194 2308 1298 2357 est:
1338 2305 1415 2356 ita
1450 2306 1550 2357 iste
1589 2303 1763 2356 dexte·
1790 2308 1828 2338 3⁰

269 2551 297 2589 4
326 2549 542 2590 maiorem
572 2546 684 2601 (3116
717 2547 834 2587 fecit
865 2550 896 2586 Τ
919 2544 934 2599 ΙΙ
957 2548 982 2587 9
1014 2550 1179 2599 patura
1210 2547 1246 2586 A
1278 2547 1488 2598 paritura
1518 2547 1615 2596 ΒΤ,
1648 2559 1762 2586 corr.

155 2606 286 2646 Burs.
307 2604 323 2658 ΙΙ
356 2607 407 2646 10
439 2605 498 2644 ad
529 2605 805 2654 positionem
834 2604 872 2642 A
893 2601 908 2656 ΙΙ
934 2605 989 2644 ,11
1025 2603 1201 2643 tristior
1232 2605 1259 2642 G
1281 2601 1296 2655 ΙΙ
1329 2605 1380 2643 13
1411 2614 1560 2643 essem
1594 2602 1623 2640 0
1646 2599 1660 2653 ΙΙ
1692 2614 1766 2640 ru-

154 2668 291 2716 ptura
322 2663 350 2700 G
372 2659 388 2714 ΙΙ
419 2662 481 2702 sis
510 2660 548 2701 A
579 2674 612 2710 ες
645 2663 677 2700 Τ
700 2658 715 2712 ΙΙ
750 2662 801 2700 14
830 2659 1054 2699 solacium
1086 2662 1187 2703 add.
1221 2662 1328 2710 ng
1362 2659 1514 2709 Grou„
1546 2660 1669 2698 trium
1697 2658 1766 2696 lit-

154 2727 341 2759 terarum
370 2719 551 2770 spatium
580 2719 622 2756 in
652 2717 685 2755 B
714 2715 729 2769 ss
754 2718 804 2757 15
835 2716 933 2755 iuni
964 2717 992 2754 0
1014 2713 1029 2768 ΙΙ
1052 2715 1264 2756 Nundum
1294 2716 1327 2753 B
1358 2713 1373 2768 ΙΙ
1406 2716 1457 2755 16
1487 2713 1662 2754 Max-illi
1693 2713 1722 2751 0
1752 2711 1764 2764 fl!

156 2777 209 2816 17
240 2775 384 2815 sciam
414 2774 533 2814 hanc
564 2771 706 2826 01120
738 2773 884 2812 minus
915 2772 1108 2824 puderet
1139 2770 1297 2815 Sclmlc.
1327 2770 1343 2825 ΙΙ
1381 2775 1542 2823 raptus
1565 2773 1587 2810 ὃ
1614 2770 1651 2808 A
1673 2767 1688 2822 ΙΙ
1710 2771 1764 2809 21

157 2831 340 2883 quidem
372 2831 400 2868 G
440 2830 648 2883 equidem
680 2832 735 2880 Τ,
769 2829 935 2881 quibus
966 2828 1095 2868 Burs.
1128 2826 1143 2880 ΙΙ
1180 2830 1234 2868 22
1266 2829 1567 2868 miserrimam
1599 2827 1627 2875 (Ξ
1655 2823 1670 2878 ΙΙ
1711 2827 1766 2866 23

157 2887 397 2939 generatio
427 2888 464 2925 A
495 2887 654 2940 generi
683 2889 762 2926 tuo
793 2885 883 2931 BT,
917 2898 1029 2928 corr.
1062 2884 1193 2925 Burs.

1919 3026 1936 3100 unffi:
1924 3001 1936 3019 ι-
1930 2961 1936 2993 m„
1934 2927 1936 2931 i
