1936 3100
209 155 352 210 2423
363 154 417 199 B.
561 149 892 195 EXGERPTA
923 147 1227 194 CONTROV.
1257 149 1376 194 LIB.
1397 150 1526 196 VIII.
1712 145 1837 200 381.

207 278 353 332 beati
398 277 599 331 colunt.
674 275 727 330 N
730 294 803 330 on
854 275 985 329 fecit
1039 275 1379 345 sacrilegium
1434 275 1652 343 mulier,
1707 280 1823 327 non

206 348 337 402 fecit
371 366 532 416 anuS,
579 365 694 400 non
729 346 859 400 fecit
896 346 1108 414 orbata,
1155 364 1270 400 non
1306 345 1437 399 fecit
1473 363 1610 414 quae
1648 348 1823 398 custo-

206 419 376 485 ditur,
413 436 528 472 non
563 418 694 471 fecit
729 435 865 487 quae
905 417 1205 470 confitetur.
1278 415 1449 484 Irata,
1486 414 1703 484 inquid,
1742 414 1823 467 dis

207 489 563 560 sacrilegium
618 488 799 557 potuit
846 488 1195 541 committere.
1268 486 1563 557 Frangitur
1609 485 1857 538 calami-⁷

161 575 184 608 5
210 561 343 613 tosis
389 560 600 612 animus
638 562 694 611 et
740 558 859 627 ipsa
895 575 950 610 se
998 558 1286 611 infelicitas
1335 557 1594 627 dampnat
1629 558 1684 608 et
1719 555 1825 609 hoc
1919 595 1925 601 .

210 629 456 684 condicio
482 629 720 682 humana
755 629 843 681 uel
881 633 1171 697 pessimum
1210 628 1387 697 habet,
1425 625 1569 697 quod
1603 625 1826 680 fortuna

211 718 348 769 quos
384 700 607 752 miseros
651 698 782 752 fecit
819 700 982 752 etiam
1033 717 1094 752 su
1135 699 1433 752 erstitiosos
1470 697 1616 751 facit.
1691 695 1827 749 Dili-

211 771 427 841 gentius
465 769 540 823 dii
579 770 833 823 coluntur
870 770 1010 823 irati.
1134 770 1216 822 uis
1254 787 1382 841 ergo
1413 768 1594 822 fecit?
1667 765 1827 821 Vnde

210 842 344 894 scire
382 859 600 910 possum
638 841 732 910 qui
768 844 995 894 matrem
1034 840 1304 894 custodii‘?
1342 842 1465 910 Ago
1503 856 1720 893 causam
1754 837 1829 891 le-

146 928 188 959 ιο
212 929 357 982 gum,
395 930 462 965 ne
501 911 807 965 carnificem
844 929 1003 980 quem
1042 910 1317 980 sacrilegis
1354 912 1646 978 minantur,
1685 907 1826 962 cala-

212 983 422 1036 mitosis
458 982 763 1035 adhibeant.
814 980 959 1034 Deos
998 982 1074 1034 ita
1101 981 1270 1034 coluit
1305 984 1367 1033 ut
1404 998 1540 1050 quae
1577 983 1692 1032 tam
1727 996 1826 1048 pro

212 1053 394 1106 multis
432 1053 663 1105 timeret.

314 1149 483 1217 <Pars
531 1150 754 1218 altera.)
828 1149 1107 1203 Confessio
1165 1149 1526 1203 conscientiae
1573 1166 1682 1201 uox
1732 1151 1828 1200 est.

213 1220 496 1275 Confessio
545 1221 717 1274 coacti
765 1224 820 1273 et
857 1238 994 1290 quae
1043 1220 1174 1273 fecit
1222 1219 1566 1291 agnoscentis
1603 1219 1832 1272 uerbum

148 1306 190 1339 15
214 1294 310 1344 est.
368 1290 625 1344 Omnium
663 1308 770 1345 uox
807 1294 946 1344 erat:
987 1291 1359 1361 ‘sacrilegium
1397 1291 1562 1344 latere
1587 1307 1701 1343 non
1737 1306 1832 1358 po-

213 1363 365 1431 terit3
415 1362 657 1431 quisquis
694 1366 800 1430 est,
847 1379 961 1415 non
1009 1363 1124 1431 ipse
1170 1362 1375 1415 bonum
1414 1362 1616 1415 exitum
1652 1359 1831 1427 faciet,
1923 1394 1932 1404 „

216 1450 328 1485 non
366 1433 650 1502 quisquam
687 1450 932 1501 suorum3
973 1436 1028 1486 et
1064 1433 1110 1485 si
1140 1450 1298 1485 nemo
1336 1432 1510 1485 fuerit·
1538 1433 1832 1499 accusator,

214 1508 327 1572 ipse
375 1503 661 1556 narrabit’.
737 1503 964 1557 Concita
1011 1506 1297 1572 processit,
1355 1503 1508 1556 uelut
1554 1502 1655 1555 diis
1700 1500 1832 1570 ipsis
1932 1543 1934 1547 ,

215 1573 687 1643 persequentibus;
728 1574 890 1642 ‘feci'‚
929 1574 1122 1643 inquit.
1181 1572 1518 1643 Supplicium
1544 1572 1608 1625 de
1646 1590 1710 1625 ea
1745 1571 1834 1624 uel
1910 1631 1914 1633 Δ

151 1658 193 1692 20
215 1661 359 1697 nunc
398 1645 675 1715 exigamus
721 1644 997 1712 homineS,
1047 1644 1111 1698 de
1160 1662 1266 1713 qua
1313 1643 1387 1697 dii
1436 1643 1565 1698 olim
1619 1642 1832 1714 exigere

216 1720 525 1784 coeperunt.
564 1713 908 1768 Violatorum
946 1716 1231 1768 numinum
1256 1715 1536 1769 maiestate
1574 1713 1836 1783 conpulsa

215 1789 311 1853 est,
350 1789 411 1838 ut
446 1785 585 1839 mori
623 1789 678 1838 et
714 1786 879 1839 uellet
917 1790 972 1838 et
1008 1786 1225 1839 deberet
1262 1789 1316 1839 et
1351 1804 1464 1839 non
1501 1787 1699 1854 posset.
1747 1782 1836 1837 In-

215 1860 355 1908 cisus
393 1859 475 1909 est
511 1855 559 1909 ei
606 1856 845 1925 laqueus,
919 1856 1003 1909 Ita
1039 1856 1266 1926 putabas
1303 1860 1384 1926 te,
1425 1856 1708 1927 sacrilega,
1757 1872 1836 1908 se-

216 1929 362 1979 creto
401 1926 539 1979 mori
575 1926 771 1995 posse?
827 1925 1024 1980 Omnia
1059 1927 1190 1980 fecit
1227 1930 1288 1980 ut
1324 1930 1551 1995 taceret,
1591 1943 1727 1996 quae
1764 1943 1834 1978 ne

153 2009 195 2042 ’ὁ
218 1996 566 2050 confiteretur
613 1997 775 2051 etiam
823 2003 958 2050 mori
1014 1998 1202 2051 uoluit.
1278 1996 1336 2050 Si
1389 2002 1591 2051 crimen
1629 1996 1836 2067 quaeri-

217 2071 310 2136 tis,
360 2067 561 2121 factum
611 2071 692 2121 est
738 2068 1101 2176 sacrilegium,
1149 2073 1190 2120 si
1231 2068 1572 2139 sacrilegum,
1618 2067 1834 2121 fatetur.

217 2136 365 2190 Facti
404 2138 660 2207 quaeritis
707 2156 951 2191 causam.
1017 2139 1061 2191 si
1108 2138 1420 2209 priusquam
1468 2139 1739 2192 amitteret
1774 2137 1838 2190 li·

216 2207 389 2277 beroe,
427 2226 619 2277 auara3
661 2209 704 2261 si
743 2212 1027 2278 postquam
1066 2213 1257 2279 amisit,
1296 2210 1447 2263 irata,
1479 2211 1496 2280 ΙΙ

330 2436 358 2476 4
397 2435 655 2478 ammittere
686 2438 759 2477 1⁸
793 2435 1131 2491 flcalamitosus
1161 2440 1233 2479 Hb
1274 2437 1290 2492 ΙΙ
1326 2440 1351 2480 9
1390 2399 1583 2480 custodit
1614 2440 1682 2488 Π,
1723 2450 1836 2480 corr.

221 2490 349 2533 Burs.
390 2490 407 2543 Ι
460 2493 511 2533 13
550 2493 683 2534 uerba
722 2495 838 2536 Pars
877 2494 1026 2537 altera
1064 2510 1142 2539 om.
1174 2497 1240 2547 Π,
1282 2497 1382 2539 add.
1419 2495 1548 2539 Gron.
1593 2494 1608 2549 ΙΙ
1653 2495 1703 2536 15
1738 2500 1840 2548 post

220 2553 291 2589 cst
322 2549 367 2587 Ι
397 2549 541 2589 addit:
574 2548 727 2591 PARS
759 2549 1002 2592 ALTERA
1023 2551 1039 2605 ΙΙ
1065 2554 1115 2594 18
1148 2551 1396 2594 Concitata
1416 2552 1489 2592 Mb
1512 2550 1528 2606 ΙΙ
1549 2553 1603 2594 26
1635 2552 1676 2593 si
1696 2552 1839 2594 sacri-

219 2603 388 2658 legium
408 2604 466 2653 Ι,
487 2618 600 2646 corr.
625 2604 754 2646 Burs.
778 2604 868 2659 1127
902 2610 1186 2650 ammitteret
1215 2610 1261 2649 Π
