1936 3100
141 738 208 786 10

148 2015 210 2062 11

1908 112 1936 155 0⁴3

220 169 326 223 356
744 145 972 210 ANNAEI
1003 168 1278 210 SENECAE
1619 171 1754 224 p.231
1778 171 1829 211 B.
1904 159 1936 234 ἦῆ

220 295 358 348 tium
397 311 502 363 quo
542 293 741 361 uend0‚
791 295 851 344 ut
888 292 1060 344 filium
1095 295 1248 360 pater
1294 290 1528 361 spectem
1565 296 1623 345 in
1662 311 1830 362 cruce,

174 363 178 368 ’
221 365 364 417 filius
400 367 608 433 patrem
634 363 697 415 de
735 362 928 415 cruce?
965 363 1106 415 tanti
1132 366 1185 415 et
1221 363 1599 431 imperatorem
1626 367 1679 416 et
1715 382 1833 432 par-
1927 390 1933 429 ·;

222 435 470 488 ricidium
541 433 798 486 uendidi‘?
874 432 1296 486 Gratulabantur
1357 451 1542 486 omnes
1615 435 1831 503 repulso

221 505 394 575 magis
433 523 593 573 quam
631 503 910 573 designato
948 503 1108 556 nimis
1146 503 1456 573 amfflbitiose.
1519 522 1664 556 nunc
1709 522 1833 573 poe·
1921 502 1931 539 ;

221 576 376 628 nitet.
431 573 607 643 (Qui)
645 577 699 626 et
734 574 906 627 filium
945 578 998 626 et
1033 574 1263 643 patriam
1288 574 1545 642 uendidit,
1583 578 1695 626 tam
1727 575 1832 627 exi·
1856 589 1878 622 5

224 663 391 716 guum
429 645 544 697 auri
582 645 803 713 accepit,
841 647 903 697 ut
938 663 1076 696 unus
1115 662 1277 696 senex
1313 648 1527 712 portare
1565 647 1761 713 posset.
1907 643 1923 671 ³

329 730 395 782 In
431 729 532 781 hac
569 729 958 796 controuersia,
1009 729 1216 780 etiamsi
1255 728 1627 781 coniecturalis
1667 731 1747 781 est
1784 734 1836 781 et
1907 729 1912 733 “

220 800 386 852 habet
423 799 574 868 quasi
621 802 825 852 certum
871 798 1165 867 tritumque
1203 799 1330 867 iter,
1373 798 1479 850 fuit
1524 801 1706 851 tamen
1744 799 1836 850 ali-

223 888 330 939 qua
390 870 532 922 inter
593 869 939 922 declamantis
1001 869 1277 921 dissensio.
1362 868 1562 921 LATRO
1627 887 1835 938 semper
1907 903 1909 905 -

223 940 577 994 contrahebat
638 943 691 992 et
747 939 1005 1008 quidquid
1068 942 1280 1008 poterat
1336 941 1454 992 tuto
1516 938 1834 1008 relinquere,
1860 956 1903 987 ιι.

222 1011 586 1080 praeterierat.
656 1011 838 1079 itaque
885 1013 938 1062 et
983 1010 1359 1078 quaestionum
1405 1027 1689 1062 numerum
1740 1010 1836 1061 mi-

223 1081 426 1133 nuebat
463 1083 516 1133 et
562 1081 708 1132 locos
745 1098 1042 1148 numquam
1079 1079 1420 1147 adtrahebat;
1460 1079 1582 1131 illos
1622 1098 1835 1148 quoque
1904 1115 1910 1146 χ

225 1169 360 1220 quos
387 1153 744 1219 occupauerat
779 1169 892 1203 non
919 1150 1009 1202 diu
1036 1149 1262 1218 dicebat,
1301 1149 1394 1201 sed
1420 1149 1677 1202 ualenter.
1717 1150 1836 1202 Hoc
1899 1167 1910 1198 ’,

225 1224 341 1274 erat
376 1221 560 1289 utique
597 1223 939 1289 praeceptum
967 1220 1095 1288 eiUS,
1136 1219 1393 1288 quaedam
1426 1219 1837 1272 declamatorem
1902 1222 1910 1242 ³

223 1294 499 1360 tamquam
546 1294 850 1359 praetorem
894 1291 1069 1342 facere
1117 1290 1306 1342 debere
1362 1290 1680 1342 minuendae
1727 1291 1838 1343 litis
1862 1306 1909 1337 12

225 1379 398 1415 causa.
511 1360 619 1413 uod
665 1361 723 1412 in
767 1360 868 1412 hac
916 1360 1282 1413 controuersia
1327 1359 1479 1427 fecit3
1536 1378 1650 1412 non
1696 1361 1840 1413 enim

227 1431 440 1485 curauit
513 1433 651 1484 icere
689 1431 895 1483 nullam
932 1430 1130 1483 factam
1169 1448 1282 1482 esse
1319 1429 1709 1499 proditionem,
1749 1430 1841 1483 sed
1918 1428 1921 1465 ἶ

230 1521 285 1555 se
324 1502 656 1571 proditorem
685 1519 799 1554 non
838 1519 965 1554 esse.
1024 1504 1077 1554 et
1114 1504 1406 1570 suspectUS‚
1445 1500 1639 1569 inquit,
1677 1501 1841 1554 iudici
1884 1488 1901 1542 ’ἰ

228 1575 308 1625 est
344 1573 437 1640 qui
473 1572 595 1640 plus
635 1590 796 1641 quam
834 1590 888 1624 se
927 1570 1184 1639 defendit,
1214 1573 1268 1623 et
1303 1570 1448 1639 11010,
1487 1570 1679 1639 inquit,
1719 1589 1840 1624 cum
1889 1583 1909 1614 32

227 1643 306 1695 fili
342 1660 474 1695 uoce
522 1659 790 1712 pugnare,
830 1649 889 1695 ut
925 1642 1305 1710 imperatorem
1343 1644 1397 1693 et
1439 1640 1611 1692 fflium
1648 1642 1839 1694 menti-
1867 1637 1920 1715 ³¹{

227 1716 345 1766 tum
383 1712 579 1782 dicam,
627 1712 942 1781 praesertim
980 1730 1102 1764 cum
1149 1711 1331 1764 odium
1378 1710 1631 1763 aduersus
1668 1711 1839 1764 filium
1916 1724 1920 1749 ¹·

228 1783 492 1837 obiciatur
528 1783 684 1852 patri,
761 1784 1060 1836 ALBVCIVS
1100 1783 1159 1834 in
1197 1782 1325 1834 duas
1364 1783 1544 1849 partes
1582 1781 1840 1834 declama-

226 1855 433 1907 tionem
481 1853 688 1906 diuisit:
735 1853 970 1923 primum
1015 1852 1238 1923 negauit
1283 1851 1450 1904 ullam
1497 1869 1609 1904 esse
1663 1853 1840 1922 prodi-

227 1925 448 1993 tionem,
488 1923 703 1977 deinde:
743 1926 805 1976 ut
841 1926 993 1992 esset,
1034 1923 1101 1976 ad
1138 1940 1192 1975 se
1229 1940 1344 1975 non
1380 1922 1663 1991 pertinere.
1911 1926 1916 1935 “

336 2008 584 2062 Colorem
616 2003 804 2061 contra
839 2010 1049 2076 patrem
1075 2006 1212 2060 SILO
1240 2006 1542 2067 POMPEIVS
1581 2006 1725 2058 hunc
1762 2006 1842 2058 in·
1868 2026 1883 2045 2-

228 2079 496 2132 troduxit:
536 2078 656 2131 odio
695 2079 850 2130 illum
875 2078 1198 2146 reipublicae
1237 2095 1279 2129 a
1305 2095 1411 2145 qua
1446 2075 1690 2144 repulsus
1729 2079 1843 2129 erat

228 2149 417 2202 fecisse
457 2152 509 2201 et
547 2149 669 2202 odio
707 2149 875 2217 ipsius
913 2149 1007 2215 fili,
1047 2165 1206 2216 quem
1244 2147 1429 2199 oderat
1466 2148 1520 2197 et
1539 2146 1665 2214 quia
1701 2164 1843 2199 com·
1906 2187 1911 2219 3

228 2219 461 2288 petierat
517 2223 570 2271 et
626 2219 752 2287 quia
803 2219 1022 2270 uicerat.
1098 2217 1320 2269 VARIVS
1353 2215 1646 2268 ·GEM1NVS
1709 2217 1912 2272 dixit

227 2290 414 2341 statim
458 2289 654 2357 petisse
701 2291 909 2356 patrem
954 2288 1056 2339 hoc
1112 2286 1389 2355 proposito
1445 2286 1729 2354 imperium
1783 2290 1844 2340 ut
1901 2287 1936 2339 5‘·

347 2515 370 2554 1
405 2513 527 2567 quod
558 2516 621 2554 Ta
662 2511 678 2567 ss
714 2515 739 2554 2
770 2514 818 2554 in
850 2525 1030 2554 crucem
1062 2514 1159 2553 cra
1194 2511 1210 2566 ΙΙ
1241 2512 1422 2554 tantillo
1457 2512 1586 2553 Gron.
1609 2510 1624 2566 ΙΙ
1654 2513 1846 2566 patrici·
1870 2511 1898 2566 ‚g

236 2570 359 2612 dium
390 2571 421 2609 0
441 2568 458 2623 ΙΙ
480 2573 506 2613 3
538 2569 894 2624 gratulabuntur
923 2572 956 2609 Τ
977 2567 994 2623 ΙΙ
1015 2571 1042 2610 5
1074 2570 1166 2622 Qui
1185 2570 1286 2611 add.
1306 2568 1439 2610 Burs.
1462 2566 1480 2622 ΙΙ
1502 2569 1527 2609 6
1559 2581 1697 2610 senec
1727 2569 1761 2608 B
1782 2567 1798 2622 ΙΙ
1820 2568 1850 2612 'z
1869 2562 1894 2610 ἔ.

235 2627 600 2669 controuersiam
630 2628 658 2665 G
679 2624 695 2679 11
720 2630 846 2667 esset
877 2625 924 2679 O,
956 2639 1071 2668 corr.
1091 2626 1206 2669 Kon.
1229 2623 1246 2679 ΙΙ
1267 2627 1293 2667 9
1326 2625 1568 2666 clamantis
1588 2626 1626 2665 A
1646 2622 1663 2678 ΙΙ
1687 2627 1740 2666 10
1770 2624 1847 2665 de-
1872 2623 1912 2669 Ἶρι
1932 2640 1936 2652 ²

235 2683 455 2724 trahebat
485 2683 549 2723 Ba
570 2681 586 2736 ΙΙ
608 2683 868 2735 relinquero
900 2680 973 2736 Bu
1004 2684 1056 2724 13
1088 2681 1209 2736 quod
1235 2682 1283 2735 B,
1316 2694 1431 2723 corr.
1463 2694 1513 2722 m.
1540 2695 1612 2734 pr.
1635 2679 1652 2735 ΙΙ
1675 2682 1728 2721 14
1758 2681 1844 2721 ita·
1874 2713 1878 2717 .

237 2752 322 2792 que
355 2741 404 2790 0,
435 2752 552 2781 corr.
585 2738 631 2779 0.
662 2739 776 2780 Ialm
805 2737 822 2792 ΙΙ
864 2739 911 2780 ei
939 2739 977 2778 A
1005 2736 1023 2792 ΙΙ
1063 2739 1115 2780 17
1148 2738 1328 2780 curabit
1358 2739 1388 2778 G
1426 2735 1444 2791 ΙΙ
1474 2739 1543 2779 18.
1568 2739 1620 2779 19
1648 2736 1879 2778 iudicem?

237 2795 317 2848 qui
345 2795 408 2835 'ta
435 2793 451 2849 ΙΙ
483 2797 536 2837 19
566 2794 707 2836 11011111
736 2795 805 2837 ita
838 2807 940 2836 cum
962 2795 982 2835 ‘t'
1011 2792 1030 2849 ΙΙ
1057 2797 1113 2837 20
1143 2797 1373 2849 pugnaret
1403 2796 1432 2834 G
1463 2793 1479 2848 ΙΙ
1509 2796 1561 2834 21
1593 2792 1846 2848 praesertin
1871 2807 1881 2839 ς
1906 2840 1909 2846 k

237 2854 301 2892 Ta
339 2849 355 2905 ΙΙ
385 2853 438 2893 22
471 2852 703 2893 obiciatus
732 2852 766 2891 B
794 2849 810 2905 ΙΙ
838 2853 893 2893 23
922 2850 1054 2893 illum
1084 2852 1113 2890 Ο
1140 2850 1269 2892 illam
1300 2853 1363 2891 'l'a
1391 2847 1408 2903 ΙΙ
1436 2853 1490 2893 27
1523 2850 1712 2892 fecisset
1741 2847 1849 2899 odio,
1923 2863 1926 2866 ⁴

237 2905 304 2960 011
327 2907 619 2962 competierit
649 2908 695 2959 0,
725 2921 840 2952 corr.
872 2907 1004 2949 Burs.
1025 2904 1042 2960 [Ι
1064 2908 1118 2948 29
1147 2907 1390 2961 proposita·
1415 2908 1449 2948 B
1874 2904 1899 2934 *-
