1936 3100
388 686 827 751 INGERTAE
879 687 1126 751 SEDIS
1168 688 1663 765 RELIQVIAE.

336 960 374 1002 1.
423 969 530 999 nam
559 957 738 998 memini
767 959 952 1001 iuuenis
982 958 1218 1000 admodum
1248 959 1365 999 inter
1397 959 1432 999 P
1444 972 1469 1001 o
1479 972 1521 999 m
1531 972 1559 1013 p
1569 973 1594 1001 o
1607 959 1750 1000 nium
1782 973 1837 1001 ac

222 1027 252 1069 S
263 1040 359 1069 ene
370 1040 486 1068 cam
516 1027 654 1068 etiam
684 1041 713 1081 p
724 1041 781 1069 ra
793 1043 816 1070 e
827 1028 1144 1071 sationibus
1175 1040 1274 1070 esse
1296 1033 1542 1071 tractatum
1562 1043 1621 1071 an
1651 1030 1837 1083 ‘gradus

221 1096 439 1140 eliminat'
470 1098 519 1138 in
549 1098 784 1151 tragoedia
814 1099 903 1141 dici
934 1100 1227 1154 oportuisset.
1289 1097 1429 1148 Quint.
1459 1100 1572 1141 VIII
1601 1103 1641 1152 3,
1651 1103 1702 1142 31
1711 1131 1720 1141 .

334 1185 373 1223 2.
423 1182 532 1224 noui
562 1195 670 1224 uero
702 1188 747 1225 et
777 1184 1018 1237 praecipue
1037 1182 1365 1226 declamatores
1396 1183 1612 1226 audacius
1642 1197 1724 1226 nec
1745 1198 1837 1227 me-

219 1252 401 1295 hercule
431 1253 528 1294 sine
559 1257 683 1294 motu
716 1253 909 1307 quodam
938 1254 1269 1308 imaginantur,
1308 1260 1361 1296 ut
1392 1253 1597 1296 Seneca
1626 1255 1675 1295 in
1706 1267 1836 1296 con-

220 1324 508 1366 trouersia
550 1324 681 1365 cuius
710 1337 882 1366 summa
912 1328 1002 1376 est,
1044 1323 1163 1379 quod
1194 1327 1321 1378 pater
1350 1323 1489 1366 filium
1519 1328 1564 1366 et
1593 1337 1835 1366 nouercam

220 1393 462 1435 inducente
507 1393 650 1435 altero
689 1393 782 1436 filio
828 1395 877 1436 in
920 1395 1145 1436 adulterio
1190 1393 1432 1448 deprensos
1477 1393 1662 1437 occidit:
1704 1394 1833 1448 ‘duc,

222 1478 408 1518 sequor:
447 1465 601 1518 accipe
640 1465 759 1506 hanc
799 1465 990 1508 senilem
1027 1477 1206 1506 manum
1243 1469 1289 1506 et
1326 1478 1611 1520 quocumque
1658 1465 1732 1506 uis
1767 1465 1836 1505 in-

219 1536 379 1588 prime’
413 1540 461 1577 et
490 1540 595 1589 post
624 1535 782 1589 paulo:
817 1537 1009 1590 ‘aspice,
1039 1536 1205 1590 inquit,
1239 1535 1357 1590 quod
1376 1535 1454 1577 diu
1473 1549 1565 1578 non
1586 1535 1834 1578 credidisti.

221 1617 304 1659 ego
342 1618 450 1647 uero
489 1618 581 1647 non
618 1607 772 1661 uideo,
813 1620 901 1648 nox
947 1607 1152 1649 oboritur
1190 1613 1239 1649 et
1275 1619 1428 1648 crassa
1469 1605 1653 1659 ealigo'.
1694 1605 1834 1656 Quint.

219 1676 356 1717 VIIII
385 1678 509 1728 2⁷42.

335 1764 374 1803 3.
424 1775 528 1803 nam
567 1767 616 1804 et
645 1762 694 1803 in
733 1750 879 1804 totum
908 1762 1076 1814 iurare,
1107 1762 1203 1803 nisi
1231 1762 1310 1803 ubi
1346 1774 1532 1803 necesse
1572 1764 1663 1812 est,
1702 1760 1837 1814 graui
1934 1823 1936 1826 Α

218 1832 318 1874 uiro
350 1843 511 1884 parum
542 1832 769 1883 conuenit,
801 1837 847 1874 et
877 1837 947 1873 est
976 1845 1005 1873 a
1035 1833 1242 1875 Seneca
1270 1833 1444 1874 dictum
1471 1831 1713 1885 eleganter,
1742 1843 1835 1872 non

219 1907 515 1956 patronorum
544 1902 631 1944 hoc
663 1914 764 1944 esse
794 1902 874 1945 sed
904 1903 1100 1948 testium.
1152 1902 1288 1953 Quint.
1320 1902 1457 1946 VIIII
1487 1905 1527 1954 2,
1544 1903 1613 1947 98.
1871 1902 1874 1903 ⁷

331 1989 372 2028 4.
424 1991 471 2028 et
515 1986 724 2028 Seneca
766 1987 963 2029 tradidit
1007 1987 1175 2028 Iulium
1211 1987 1484 2029 Montanum
1528 1989 1710 2040 poetam
1764 1998 1835 2027 so-

220 2059 352 2103 litum
384 2057 563 2111 dicere,
603 2057 912 2099 inuolaturum
945 2071 994 2099 se
1026 2057 1231 2112 Vergilio
1264 2057 1487 2112 quaedam
1518 2060 1558 2098 si
1589 2061 1634 2099 et
1671 2069 1833 2097 uocem

218 2131 378 2181 posset
409 2131 455 2168 et
485 2140 534 2168 os
567 2132 613 2169 et
643 2129 929 2181 hypocrisin:
964 2127 1143 2170 eosdem
1175 2130 1292 2170 enim
1314 2141 1474 2171 uersus
1505 2129 1605 2181 ipso
1635 2139 1832 2180 pronun·

219 2198 368 2238 tiante
401 2198 518 2238 bene
550 2212 740 2252 sonare,
779 2201 880 2240 sine
911 2199 995 2241 illo
1026 2200 1187 2240 inanes
1220 2211 1319 2240 esse
1357 2202 1610 2251 mutosque.
1672 2198 1830 2254 Donat.

219 2269 307 2308 uita
345 2270 527 2320 Veryilii
550 2283 596 2322 p.
621 2272 724 2320 61,5
756 2270 884 2321 Reiff.
