<?xml version="1.0" encoding="UTF-8"?>
<!DOCTYPE html PUBLIC "-//W3C//DTD XHTML 1.0 Transitional//EN"
    "http://www.w3.org/TR/xhtml1/DTD/xhtml1-transitional.dtd">
<html xmlns="http://www.w3.org/1999/xhtml" xml:lang="en" lang="en">
 <head>
  <title>
</title>
<meta http-equiv="Content-Type" content="text/html;charset=utf-8" />
  <meta name='ocr-system' content='tesseract 3.04.00' />
  <meta name='ocr-capabilities' content='ocr_page ocr_carea ocr_par ocr_line ocrx_word'/>
</head>
<body>
  <div class='ocr_page' id='page_1' title='image "./oratorumetrhetor00seneuoft/oratorumetrhetor00seneuoft_0497.png"; bbox 0 0 1936 3100; ppageno 0'>
   <div class='ocr_carea' id='block_1_1' title="bbox 163 125 1779 184">
    <p class='ocr_par' dir='ltr' id='par_1_1' title="bbox 163 125 1779 184">
     <span class='ocr_line' id='line_1_1' title="bbox 163 125 1779 184; baseline -0.003 -10"><span class='ocrx_word' id='word_1_1' title='bbox 163 143 211 184; x_wconf 76' lang='lat' dir='ltr'>p.</span> <span class='ocrx_word' id='word_1_2' title='bbox 231 130 315 173; x_wconf 79' lang='lat'>306</span> <span class='ocrx_word' id='word_1_3' title='bbox 334 128 387 170; x_wconf 85' lang='lat' dir='ltr'>B.</span> <span class='ocrx_word' id='word_1_4' title='bbox 486 125 1085 171; x_wconf 70' lang='lat' dir='ltr'>comnovnnstfflvm</span> <span class='ocrx_word' id='word_1_5' title='bbox 1114 127 1233 173; x_wconf 77' lang='lat' dir='ltr'>Lm.</span> <span class='ocrx_word' id='word_1_6' title='bbox 1255 127 1310 169; x_wconf 87' lang='lat' dir='ltr'>x.</span> <span class='ocrx_word' id='word_1_7' title='bbox 1342 129 1367 168; x_wconf 81' lang='lat'>2</span> <span class='ocrx_word' id='word_1_8' title='bbox 1390 125 1498 182; x_wconf 87' lang='lat'><strong>(31).</strong></span> <span class='ocrx_word' id='word_1_9' title='bbox 1637 160 1642 163; x_wconf 91' lang='lat'>.</span> <span class='ocrx_word' id='word_1_10' title='bbox 1674 126 1779 180; x_wconf 76' lang='lat'>477</span> 
     </span>
    </p>
   </div>
   <div class='ocr_carea' id='block_1_2' title="bbox 101 250 1846 2369">
    <p class='ocr_par' dir='ltr' id='par_1_2' title="bbox 101 250 1846 2369">
     <span class='ocr_line' id='line_1_2' title="bbox 163 250 1779 322; baseline 0.001 -18"><span class='ocrx_word' id='word_1_11' title='bbox 163 251 375 304; x_wconf 87' lang='lat' dir='ltr'>Videtis</span> <span class='ocrx_word' id='word_1_12' title='bbox 412 250 863 321; x_wconf 84' lang='lat' dir='ltr'>quemadmodum</span> <span class='ocrx_word' id='word_1_13' title='bbox 899 252 959 305; x_wconf 90' lang='lat' dir='ltr'>in</span> <span class='ocrx_word' id='word_1_14' title='bbox 996 251 1100 305; x_wconf 92' lang='lat' dir='ltr'>hoc</span> <span class='ocrx_word' id='word_1_15' title='bbox 1125 269 1340 321; x_wconf 90' lang='lat' dir='ltr'>quoque</span> <span class='ocrx_word' id='word_1_16' title='bbox 1378 251 1576 305; x_wconf 91' lang='lat' dir='ltr'>iudicio</span> <span class='ocrx_word' id='word_1_17' title='bbox 1616 270 1779 322; x_wconf 89' lang='lat' dir='ltr'>opera</span> 
     </span>
     <span class='ocr_line' id='line_1_3' title="bbox 162 321 1781 391; baseline 0.001 -16"><span class='ocrx_word' id='word_1_18' title='bbox 162 340 260 375; x_wconf 87' lang='lat' dir='ltr'>sua</span> <span class='ocrx_word' id='word_1_19' title='bbox 295 322 484 375; x_wconf 80' lang='lat' dir='ltr'>iactat:</span> <span class='ocrx_word' id='word_1_20' title='bbox 523 327 578 375; x_wconf 85' lang='lat' dir='ltr'>et</span> <span class='ocrx_word' id='word_1_21' title='bbox 614 322 840 375; x_wconf 88' lang='lat' dir='ltr'>miratur</span> <span class='ocrx_word' id='word_1_22' title='bbox 914 322 1160 391; x_wconf 89' lang='lat' dir='ltr'>uisquam</span> <span class='ocrx_word' id='word_1_23' title='bbox 1197 322 1243 377; x_wconf 84' lang='lat' dir='ltr'>si</span> <span class='ocrx_word' id='word_1_24' title='bbox 1290 321 1393 376; x_wconf 92' lang='lat' dir='ltr'>hoc</span> <span class='ocrx_word' id='word_1_25' title='bbox 1430 327 1583 391; x_wconf 89' lang='lat' dir='ltr'>patre</span> <span class='ocrx_word' id='word_1_26' title='bbox 1620 327 1781 376; x_wconf 88' lang='lat' dir='ltr'>natus</span> 
     </span>
     <span class='ocr_line' id='line_1_4' title="bbox 201 392 1779 462; baseline 0.001 -17"><span class='ocrx_word' id='word_1_27' title='bbox 201 393 368 446; x_wconf 88' lang='lat' dir='ltr'>loriae</span> <span class='ocrx_word' id='word_1_28' title='bbox 405 392 650 462; x_wconf 83' lang='lat' dir='ltr'>cupidior</span> <span class='ocrx_word' id='word_1_29' title='bbox 688 393 806 445; x_wconf 80' lang='lat' dir='ltr'>est‘?</span> <span class='ocrx_word' id='word_1_30' title='bbox 925 392 1086 447; x_wconf 87' lang='lat' dir='ltr'>aciles</span> <span class='ocrx_word' id='word_1_31' title='bbox 1133 392 1344 446; x_wconf 87' lang='lat' dir='ltr'>habetis</span> <span class='ocrx_word' id='word_1_32' title='bbox 1380 397 1584 462; x_wconf 89' lang='lat' dir='ltr'>partes:</span> <span class='ocrx_word' id='word_1_33' title='bbox 1634 394 1779 448; x_wconf 90' lang='lat' dir='ltr'>uiros</span> 
     </span>
     <span class='ocr_line' id='line_1_5' title="bbox 189 463 1781 533; baseline 0.001 -17"><span class='ocrx_word' id='word_1_34' title='bbox 189 467 332 516; x_wconf 91' lang='lat' dir='ltr'>ortes</span> <span class='ocrx_word' id='word_1_35' title='bbox 369 463 594 533; x_wconf 83' lang='lat' dir='ltr'>iungite.</span> <span class='ocrx_word' id='word_1_36' title='bbox 659 463 977 516; x_wconf 84' lang='lat' dir='ltr'>dissidemus</span> <span class='ocrx_word' id='word_1_37' title='bbox 1026 463 1154 532; x_wconf 84' lang='lat' dir='ltr'>quia</span> <span class='ocrx_word' id='word_1_38' title='bbox 1187 463 1418 516; x_wconf 85' lang='lat' dir='ltr'>nimium</span> <span class='ocrx_word' id='word_1_39' title='bbox 1455 463 1656 516; x_wconf 86' lang='lat' dir='ltr'>similes</span> <span class='ocrx_word' id='word_1_40' title='bbox 1695 482 1781 517; x_wconf 92' lang='lat' dir='ltr'>su-</span> 
     </span>
     <span class='ocr_line' id='line_1_6' title="bbox 118 532 1780 602; baseline 0.002 -18"><span class='ocrx_word' id='word_1_41' title='bbox 118 553 142 584; x_wconf 86' lang='lat'><strong>5</strong></span> <span class='ocrx_word' id='word_1_42' title='bbox 164 552 299 601; x_wconf 80' lang='lat' dir='ltr'>mus.</span> <span class='ocrx_word' id='word_1_43' title='bbox 352 532 488 587; x_wconf 89' lang='lat' dir='ltr'>Cum</span> <span class='ocrx_word' id='word_1_44' title='bbox 526 534 793 586; x_wconf 82' lang='lat' dir='ltr'>exiremus</span> <span class='ocrx_word' id='word_1_45' title='bbox 830 534 890 587; x_wconf 95' lang='lat' dir='ltr'>in</span> <span class='ocrx_word' id='word_1_46' title='bbox 914 534 1101 602; x_wconf 83' lang='lat' dir='ltr'>aciem,</span> <span class='ocrx_word' id='word_1_47' title='bbox 1140 533 1346 587; x_wconf 86' lang='lat' dir='ltr'>aiebat:</span> <span class='ocrx_word' id='word_1_48' title='bbox 1385 534 1431 586; x_wconf 87' lang='lat' dir='ltr'>si</span> <span class='ocrx_word' id='word_1_49' title='bbox 1468 534 1780 587; x_wconf 75' lang='lat' dir='ltr'>adulescens</span> 
     </span>
     <span class='ocr_line' id='line_1_7' title="bbox 165 604 1817 674; baseline 0.001 -18"><span class='ocrx_word' id='word_1_50' title='bbox 165 621 359 671; x_wconf 90' lang='lat' dir='ltr'>essem,</span> <span class='ocrx_word' id='word_1_51' title='bbox 414 621 575 657; x_wconf 91' lang='lat' dir='ltr'>nemo</span> <span class='ocrx_word' id='word_1_52' title='bbox 629 607 899 674; x_wconf 85' lang='lat' dir='ltr'>pugnaret</span> <span class='ocrx_word' id='word_1_53' title='bbox 951 604 1163 658; x_wconf 77' lang='lat' dir='ltr'>fortius,</span> <span class='ocrx_word' id='word_1_54' title='bbox 1246 605 1512 658; x_wconf 87' lang='lat' dir='ltr'>maiorum</span> <span class='ocrx_word' id='word_1_55' title='bbox 1566 608 1817 674; x_wconf 65' lang='lat' dir='ltr'>quoque‘</span> 
     </span>
     <span class='ocr_line' id='line_1_8' title="bbox 163 674 1782 744; baseline 0.001 -18"><span class='ocrx_word' id='word_1_56' title='bbox 163 692 384 743; x_wconf 90' lang='lat' dir='ltr'>suorum</span> <span class='ocrx_word' id='word_1_57' title='bbox 420 674 649 727; x_wconf 86' lang='lat' dir='ltr'>uirtutes</span> <span class='ocrx_word' id='word_1_58' title='bbox 686 675 970 742; x_wconf 84' lang='lat' dir='ltr'>referebat,</span> <span class='ocrx_word' id='word_1_59' title='bbox 1012 675 1103 728; x_wconf 91' lang='lat' dir='ltr'>sed</span> <span class='ocrx_word' id='word_1_60' title='bbox 1137 675 1386 728; x_wconf 88' lang='lat' dir='ltr'>omnibus</span> <span class='ocrx_word' id='word_1_61' title='bbox 1424 693 1480 728; x_wconf 89' lang='lat' dir='ltr'>se</span> <span class='ocrx_word' id='word_1_62' title='bbox 1517 677 1782 744; x_wconf 88' lang='lat' dir='ltr'>praefere-</span> 
     </span>
     <span class='ocr_line' id='line_1_9' title="bbox 165 743 1781 815; baseline 0.001 -18"><span class='ocrx_word' id='word_1_63' title='bbox 165 746 275 797; x_wconf 86' lang='lat' dir='ltr'>bat.</span> <span class='ocrx_word' id='word_1_64' title='bbox 323 743 461 798; x_wconf 88' lang='lat' dir='ltr'>Cum</span> <span class='ocrx_word' id='word_1_65' title='bbox 498 743 566 797; x_wconf 88' lang='lat' dir='ltr'>ad</span> <span class='ocrx_word' id='word_1_66' title='bbox 603 748 834 798; x_wconf 86' lang='lat' dir='ltr'>aetatem</span> <span class='ocrx_word' id='word_1_67' title='bbox 870 751 1021 798; x_wconf 85' lang='lat' dir='ltr'>tuam</span> <span class='ocrx_word' id='word_1_68' title='bbox 1058 764 1373 815; x_wconf 91' lang='lat' dir='ltr'>peruenero,</span> <span class='ocrx_word' id='word_1_69' title='bbox 1411 764 1525 799; x_wconf 91' lang='lat' dir='ltr'>non</span> <span class='ocrx_word' id='word_1_70' title='bbox 1562 749 1781 799; x_wconf 87' lang='lat' dir='ltr'>conten·</span> 
     </span>
     <span class='ocr_line' id='line_1_10' title="bbox 165 814 1782 886; baseline 0.001 -19"><span class='ocrx_word' id='word_1_71' title='bbox 165 814 288 868; x_wconf 83' lang='lat' dir='ltr'>dam</span> <span class='ocrx_word' id='word_1_72' title='bbox 335 833 457 868; x_wconf 91' lang='lat' dir='ltr'>cum</span> <span class='ocrx_word' id='word_1_73' title='bbox 504 814 643 883; x_wconf 85' lang='lat' dir='ltr'>uUO,</span> <span class='ocrx_word' id='word_1_74' title='bbox 693 816 939 884; x_wconf 92' lang='lat' dir='ltr'>quamuis</span> <span class='ocrx_word' id='word_1_75' title='bbox 985 817 1031 869; x_wconf 89' lang='lat' dir='ltr'>si</span> <span class='ocrx_word' id='word_1_76' title='bbox 1078 816 1382 886; x_wconf 84' lang='lat' dir='ltr'>exemplum</span> <span class='ocrx_word' id='word_1_77' title='bbox 1428 820 1582 869; x_wconf 87' lang='lat' dir='ltr'>tuum</span> <span class='ocrx_word' id='word_1_78' title='bbox 1629 816 1782 886; x_wconf 89' lang='lat' dir='ltr'>sequi</span> 
     </span>
     <span class='ocr_line' id='line_1_11' title="bbox 101 885 1842 956; baseline 0.001 -21"><span class='ocrx_word' id='word_1_79' title='bbox 101 904 143 936; x_wconf 80' lang='grc' dir='ltr'>ιο</span> <span class='ocrx_word' id='word_1_80' title='bbox 166 885 416 954; x_wconf 81' lang='lat' dir='ltr'>noluero,</span> <span class='ocrx_word' id='word_1_81' title='bbox 466 885 633 938; x_wconf 83' lang='lat' dir='ltr'>etiam</span> <span class='ocrx_word' id='word_1_82' title='bbox 670 903 791 939; x_wconf 93' lang='lat' dir='ltr'>cum</span> <span class='ocrx_word' id='word_1_83' title='bbox 829 886 940 940; x_wconf 91' lang='lat' dir='ltr'>filio</span> <span class='ocrx_word' id='word_1_84' title='bbox 988 886 1325 940; x_wconf 78' lang='lat' dir='ltr'>contendam.</span> <span class='ocrx_word' id='word_1_85' title='bbox 1403 885 1541 949; x_wconf 85' lang='lat' dir='ltr'>Quia</span> <span class='ocrx_word' id='word_1_86' title='bbox 1578 887 1784 956; x_wconf 87' lang='lat' dir='ltr'>patriae</span> <span class='ocrx_word' id='word_1_87' title='bbox 1811 889 1842 936; x_wconf 83' lang='lat'>2</span> 
     </span>
     <span class='ocr_line' id='line_1_12' title="bbox 165 954 1784 1025; baseline 0.001 -17"><span class='ocrx_word' id='word_1_88' title='bbox 165 954 422 1009; x_wconf 89' lang='lat' dir='ltr'>iudicium</span> <span class='ocrx_word' id='word_1_89' title='bbox 483 955 656 1008; x_wconf 86' lang='lat' dir='ltr'>habeo</span> <span class='ocrx_word' id='word_1_90' title='bbox 672 996 686 1021; x_wconf 90' lang='lat'>,</span> <span class='ocrx_word' id='word_1_91' title='bbox 742 957 911 1025; x_wconf 87' lang='lat' dir='ltr'>patris</span> <span class='ocrx_word' id='word_1_92' title='bbox 959 956 1184 1025; x_wconf 85' lang='lat' dir='ltr'>perdidi.</span> <span class='ocrx_word' id='word_1_93' title='bbox 1258 956 1450 1010; x_wconf 89' lang='lat' dir='ltr'>Dicam</span> <span class='ocrx_word' id='word_1_94' title='bbox 1511 957 1784 1010; x_wconf 71' lang='lat' dir='ltr'>abdicanti</span> 
     </span>
     <span class='ocr_line' id='line_1_13' title="bbox 166 1026 1785 1093; baseline 0.001 -14"><span class='ocrx_word' id='word_1_95' title='bbox 166 1033 298 1079; x_wconf 78' lang='lat' dir='ltr'>‘non</span> <span class='ocrx_word' id='word_1_96' title='bbox 335 1026 671 1093; x_wconf 83' lang='lat' dir='ltr'>luxuriabor,</span> <span class='ocrx_word' id='word_1_97' title='bbox 710 1045 824 1080; x_wconf 89' lang='lat' dir='ltr'>non</span> <span class='ocrx_word' id='word_1_98' title='bbox 862 1027 1116 1080; x_wconf 75' lang='lat' dir='ltr'>amabo&#39;?</span> <span class='ocrx_word' id='word_1_99' title='bbox 1165 1028 1307 1080; x_wconf 85' lang='lat' dir='ltr'>hanc</span> <span class='ocrx_word' id='word_1_100' title='bbox 1354 1027 1785 1080; x_wconf 73' lang='lat' dir='ltr'>emendationem</span> 
     </span>
     <span class='ocr_line' id='line_1_14' title="bbox 165 1096 1782 1169; baseline 0.001 -20"><span class='ocrx_word' id='word_1_101' title='bbox 165 1096 450 1149; x_wconf 90' lang='lat' dir='ltr'>criminum</span> <span class='ocrx_word' id='word_1_102' title='bbox 476 1114 718 1149; x_wconf 92' lang='lat' dir='ltr'>meorum</span> <span class='ocrx_word' id='word_1_103' title='bbox 752 1115 865 1150; x_wconf 93' lang='lat' dir='ltr'>non</span> <span class='ocrx_word' id='word_1_104' title='bbox 902 1115 1122 1166; x_wconf 90' lang='lat' dir='ltr'>possum</span> <span class='ocrx_word' id='word_1_105' title='bbox 1146 1098 1486 1167; x_wconf 88' lang='lat' dir='ltr'>promittere:</span> <span class='ocrx_word' id='word_1_106' title='bbox 1526 1115 1627 1169; x_wconf 86' lang='lat' dir='ltr'>ego</span> <span class='ocrx_word' id='word_1_107' title='bbox 1653 1116 1782 1151; x_wconf 91' lang='lat' dir='ltr'>uero</span> 
     </span>
     <span class='ocr_line' id='line_1_15' title="bbox 165 1165 1784 1238; baseline 0 -18"><span class='ocrx_word' id='word_1_108' title='bbox 165 1167 420 1236; x_wconf 86' lang='lat' dir='ltr'>pugnabo</span> <span class='ocrx_word' id='word_1_109' title='bbox 460 1169 515 1220; x_wconf 87' lang='lat' dir='ltr'>et</span> <span class='ocrx_word' id='word_1_110' title='bbox 551 1165 767 1220; x_wconf 87' lang='lat' dir='ltr'>fortiter</span> <span class='ocrx_word' id='word_1_111' title='bbox 804 1171 858 1220; x_wconf 88' lang='lat' dir='ltr'>et</span> <span class='ocrx_word' id='word_1_112' title='bbox 893 1167 1202 1222; x_wconf 87' lang='lat' dir='ltr'>fortissime.</span> <span class='ocrx_word' id='word_1_113' title='bbox 1259 1167 1390 1221; x_wconf 83' lang='lat' dir='ltr'>Vidi</span> <span class='ocrx_word' id='word_1_114' title='bbox 1425 1172 1636 1238; x_wconf 88' lang='lat' dir='ltr'>patrem</span> <span class='ocrx_word' id='word_1_115' title='bbox 1674 1169 1784 1221; x_wconf 92' lang='lat' dir='ltr'>iam</span> 
     </span>
     <span class='ocr_line' id='line_1_16' title="bbox 101 1237 1783 1308; baseline 0.003 -21"><span class='ocrx_word' id='word_1_116' title='bbox 101 1254 143 1286; x_wconf 83' lang='lat'>15</span> <span class='ocrx_word' id='word_1_117' title='bbox 167 1255 350 1291; x_wconf 88' lang='lat' dir='ltr'>senem</span> <span class='ocrx_word' id='word_1_118' title='bbox 385 1238 608 1291; x_wconf 84' lang='lat' dir='ltr'>loricam</span> <span class='ocrx_word' id='word_1_119' title='bbox 634 1237 975 1291; x_wconf 85' lang='lat' dir='ltr'>induentem:</span> <span class='ocrx_word' id='word_1_120' title='bbox 1017 1239 1250 1291; x_wconf 90' lang='lat' dir='ltr'>multum</span> <span class='ocrx_word' id='word_1_121' title='bbox 1275 1242 1356 1292; x_wconf 90' lang='lat' dir='ltr'>est</span> <span class='ocrx_word' id='word_1_122' title='bbox 1389 1258 1464 1308; x_wconf 89' lang='lat' dir='ltr'>pu</span> <span class='ocrx_word' id='word_1_123' title='bbox 1505 1257 1633 1292; x_wconf 92' lang='lat' dir='ltr'>nare</span> <span class='ocrx_word' id='word_1_124' title='bbox 1660 1257 1783 1292; x_wconf 91' lang='lat' dir='ltr'>cum</span> 
     </span>
     <span class='ocr_line' id='line_1_17' title="bbox 165 1307 1784 1379; baseline 0.001 -19"><span class='ocrx_word' id='word_1_125' title='bbox 165 1326 318 1361; x_wconf 83' lang='lat' dir='ltr'>exem</span> <span class='ocrx_word' id='word_1_126' title='bbox 358 1309 429 1362; x_wconf 92' lang='lat' dir='ltr'>lo.</span> <span class='ocrx_word' id='word_1_127' title='bbox 503 1307 769 1362; x_wconf 90' lang='lat' dir='ltr'>Iudicium</span> <span class='ocrx_word' id='word_1_128' title='bbox 806 1312 967 1362; x_wconf 89' lang='lat' dir='ltr'>uocat</span> <span class='ocrx_word' id='word_1_129' title='bbox 1004 1328 1111 1379; x_wconf 92' lang='lat' dir='ltr'>quo</span> <span class='ocrx_word' id='word_1_130' title='bbox 1148 1313 1303 1378; x_wconf 90' lang='lat' dir='ltr'>pater</span> <span class='ocrx_word' id='word_1_131' title='bbox 1341 1313 1394 1362; x_wconf 87' lang='lat' dir='ltr'>et</span> <span class='ocrx_word' id='word_1_132' title='bbox 1429 1311 1467 1362; x_wconf 93' lang='lat' dir='ltr'>fi</span> <span class='ocrx_word' id='word_1_133' title='bbox 1491 1310 1573 1362; x_wconf 88' lang='lat' dir='ltr'>ius</span> <span class='ocrx_word' id='word_1_134' title='bbox 1611 1310 1784 1379; x_wconf 88' lang='lat' dir='ltr'>spolia</span> 
     </span>
     <span class='ocr_line' id='line_1_18' title="bbox 165 1378 1786 1450; baseline 0.001 -20"><span class='ocrx_word' id='word_1_135' title='bbox 165 1396 268 1431; x_wconf 88' lang='lat' dir='ltr'>con</span> <span class='ocrx_word' id='word_1_136' title='bbox 358 1379 368 1389; x_wconf 84' lang='lat'><strong><em>&#39;</em></strong></span> <span class='ocrx_word' id='word_1_137' title='bbox 430 1379 532 1431; x_wconf 81' lang='lat' dir='ltr'>us‘?</span> <span class='ocrx_word' id='word_1_138' title='bbox 581 1378 722 1431; x_wconf 89' lang='lat' dir='ltr'>Ecce</span> <span class='ocrx_word' id='word_1_139' title='bbox 760 1379 1055 1433; x_wconf 89' lang='lat' dir='ltr'>commilito</span> <span class='ocrx_word' id='word_1_140' title='bbox 1084 1398 1183 1450; x_wconf 85' lang='lat' dir='ltr'>ego</span> <span class='ocrx_word' id='word_1_141' title='bbox 1222 1380 1408 1432; x_wconf 90' lang='lat' dir='ltr'>iuueni</span> <span class='ocrx_word' id='word_1_142' title='bbox 1446 1398 1668 1449; x_wconf 89' lang='lat' dir='ltr'>possum</span> <span class='ocrx_word' id='word_1_143' title='bbox 1704 1398 1786 1433; x_wconf 92' lang='lat' dir='ltr'>ce-</span> 
     </span>
     <span class='ocr_line' id='line_1_19' title="bbox 166 1448 1786 1521; baseline 0.002 -20"><span class='ocrx_word' id='word_1_144' title='bbox 166 1448 306 1517; x_wconf 88' lang='lat' dir='ltr'>dere,</span> <span class='ocrx_word' id='word_1_145' title='bbox 344 1450 460 1502; x_wconf 92' lang='lat' dir='ltr'>seni</span> <span class='ocrx_word' id='word_1_146' title='bbox 498 1466 612 1503; x_wconf 93' lang='lat' dir='ltr'>non</span> <span class='ocrx_word' id='word_1_147' title='bbox 647 1468 883 1518; x_wconf 89' lang='lat' dir='ltr'>possum.</span> <span class='ocrx_word' id='word_1_148' title='bbox 949 1449 1105 1512; x_wconf 84' lang='lat' dir='ltr'>Quod</span> <span class='ocrx_word' id='word_1_149' title='bbox 1139 1450 1410 1518; x_wconf 86' lang='lat' dir='ltr'>contendi,</span> <span class='ocrx_word' id='word_1_150' title='bbox 1449 1451 1601 1521; x_wconf 83' lang='lat' dir='ltr'>legis,</span> <span class='ocrx_word' id='word_1_151' title='bbox 1642 1450 1786 1520; x_wconf 90' lang='lat' dir='ltr'>quod</span> 
     </span>
     <span class='ocr_line' id='line_1_20' title="bbox 165 1519 1786 1591; baseline 0.001 -19"><span class='ocrx_word' id='word_1_152' title='bbox 165 1519 299 1587; x_wconf 92' lang='lat' dir='ltr'>uici,</span> <span class='ocrx_word' id='word_1_153' title='bbox 337 1519 600 1588; x_wconf 85' lang='lat' dir='ltr'>iudicum,</span> <span class='ocrx_word' id='word_1_154' title='bbox 638 1520 782 1588; x_wconf 92' lang='lat' dir='ltr'>quod</span> <span class='ocrx_word' id='word_1_155' title='bbox 819 1522 1086 1591; x_wconf 84' lang='lat' dir='ltr'>pugnaui,</span> <span class='ocrx_word' id='word_1_156' title='bbox 1135 1522 1304 1589; x_wconf 87' lang='lat' dir='ltr'>patris</span> <span class='ocrx_word' id='word_1_157' title='bbox 1344 1524 1439 1574; x_wconf 88' lang='lat' dir='ltr'>est.</span> <span class='ocrx_word' id='word_1_158' title='bbox 1515 1521 1667 1574; x_wconf 89' lang='lat' dir='ltr'>uolui</span> <span class='ocrx_word' id='word_1_159' title='bbox 1705 1539 1786 1574; x_wconf 91' lang='lat' dir='ltr'>ce-</span> 
     </span>
     <span class='ocr_line' id='line_1_21' title="bbox 101 1588 1784 1662; baseline 0.002 -22"><span class='ocrx_word' id='word_1_160' title='bbox 101 1607 144 1639; x_wconf 76' lang='lat'>20</span> <span class='ocrx_word' id='word_1_161' title='bbox 168 1588 318 1642; x_wconf 87' lang='lat' dir='ltr'>dere:</span> <span class='ocrx_word' id='word_1_162' title='bbox 357 1595 746 1644; x_wconf 89' lang='lat' dir='ltr'>concurrerunt</span> <span class='ocrx_word' id='word_1_163' title='bbox 782 1591 1033 1660; x_wconf 81' lang='lat' dir='ltr'>iuueneS,</span> <span class='ocrx_word' id='word_1_164' title='bbox 1072 1592 1263 1645; x_wconf 89' lang='lat' dir='ltr'>aetatis</span> <span class='ocrx_word' id='word_1_165' title='bbox 1302 1610 1461 1644; x_wconf 91' lang='lat' dir='ltr'>causa</span> <span class='ocrx_word' id='word_1_166' title='bbox 1498 1592 1784 1662; x_wconf 85' lang='lat' dir='ltr'>agebatur:</span> 
     </span>
     <span class='ocr_line' id='line_1_22' title="bbox 166 1660 1785 1733; baseline 0.002 -21"><span class='ocrx_word' id='word_1_167' title='bbox 166 1660 274 1713; x_wconf 90' lang='lat' dir='ltr'>uici</span> <span class='ocrx_word' id='word_1_168' title='bbox 330 1679 445 1714; x_wconf 91' lang='lat' dir='ltr'>non</span> <span class='ocrx_word' id='word_1_169' title='bbox 490 1662 633 1715; x_wconf 88' lang='lat' dir='ltr'>filius</span> <span class='ocrx_word' id='word_1_170' title='bbox 694 1665 928 1730; x_wconf 84' lang='lat' dir='ltr'>patrem,</span> <span class='ocrx_word' id='word_1_171' title='bbox 989 1661 1083 1714; x_wconf 92' lang='lat' dir='ltr'>sed</span> <span class='ocrx_word' id='word_1_172' title='bbox 1131 1662 1343 1715; x_wconf 91' lang='lat' dir='ltr'>iuuenis</span> <span class='ocrx_word' id='word_1_173' title='bbox 1390 1680 1590 1716; x_wconf 91' lang='lat' dir='ltr'>senem.</span> <span class='ocrx_word' id='word_1_174' title='bbox 1663 1662 1785 1733; x_wconf 85' lang='lat' dir='ltr'>Ego</span> 
     </span>
     <span class='ocr_line' id='line_1_23' title="bbox 166 1731 1844 1802; baseline 0.002 -18"><span class='ocrx_word' id='word_1_175' title='bbox 166 1731 291 1799; x_wconf 91' lang='lat' dir='ltr'>uici,</span> <span class='ocrx_word' id='word_1_176' title='bbox 330 1731 423 1784; x_wconf 89' lang='lat' dir='ltr'>sed</span> <span class='ocrx_word' id='word_1_177' title='bbox 461 1750 646 1785; x_wconf 90' lang='lat' dir='ltr'>omnes</span> <span class='ocrx_word' id='word_1_178' title='bbox 683 1732 826 1801; x_wconf 87' lang='lat' dir='ltr'>patri</span> <span class='ocrx_word' id='word_1_179' title='bbox 863 1732 1122 1802; x_wconf 88' lang='lat' dir='ltr'>gratulati</span> <span class='ocrx_word' id='word_1_180' title='bbox 1171 1736 1313 1786; x_wconf 88' lang='lat' dir='ltr'>sunt.</span> <span class='ocrx_word' id='word_1_181' title='bbox 1388 1732 1552 1786; x_wconf 92' lang='lat' dir='ltr'>Parui</span> <span class='ocrx_word' id='word_1_182' title='bbox 1610 1733 1788 1786; x_wconf 89' lang='lat' dir='ltr'>adule-</span> <span class='ocrx_word' id='word_1_183' title='bbox 1815 1741 1844 1788; x_wconf 88' lang='lat'>3</span> 
     </span>
     <span class='ocr_line' id='line_1_24' title="bbox 167 1802 1784 1874; baseline 0.002 -20"><span class='ocrx_word' id='word_1_184' title='bbox 167 1818 320 1854; x_wconf 85' lang='lat' dir='ltr'>scens</span> <span class='ocrx_word' id='word_1_185' title='bbox 528 1805 570 1856; x_wconf 81' lang='lat' dir='ltr'>&#39;s</span> <span class='ocrx_word' id='word_1_186' title='bbox 609 1802 884 1872; x_wconf 80' lang='lat' dir='ltr'>exemplis,</span> <span class='ocrx_word' id='word_1_187' title='bbox 942 1803 1195 1873; x_wconf 84' lang='lat' dir='ltr'>deceptus</span> <span class='ocrx_word' id='word_1_188' title='bbox 1233 1822 1377 1873; x_wconf 90' lang='lat' dir='ltr'>sum,</span> <span class='ocrx_word' id='word_1_189' title='bbox 1429 1803 1556 1856; x_wconf 90' lang='lat' dir='ltr'>dum</span> <span class='ocrx_word' id='word_1_190' title='bbox 1604 1804 1784 1874; x_wconf 84' lang='lat' dir='ltr'>cogito</span> 
     </span>
     <span class='ocr_line' id='line_1_25' title="bbox 167 1872 1786 1944; baseline 0.002 -21"><span class='ocrx_word' id='word_1_191' title='bbox 167 1889 377 1925; x_wconf 89' lang='lat' dir='ltr'>mecum</span> <span class='ocrx_word' id='word_1_192' title='bbox 471 1874 704 1927; x_wconf 87' lang='lat' dir='ltr'>oratium</span> <span class='ocrx_word' id='word_1_193' title='bbox 739 1872 995 1927; x_wconf 86' lang='lat' dir='ltr'>Etruscas</span> <span class='ocrx_word' id='word_1_194' title='bbox 1044 1875 1184 1928; x_wconf 90' lang='lat' dir='ltr'>acies</span> <span class='ocrx_word' id='word_1_195' title='bbox 1230 1892 1454 1944; x_wconf 89' lang='lat' dir='ltr'>corpore</span> <span class='ocrx_word' id='word_1_196' title='bbox 1503 1893 1600 1928; x_wconf 90' lang='lat' dir='ltr'>suo</span> <span class='ocrx_word' id='word_1_197' title='bbox 1646 1893 1786 1927; x_wconf 90' lang='lat' dir='ltr'>sum-</span> 
     </span>
     <span class='ocr_line' id='line_1_26' title="bbox 102 1943 1788 1999; baseline 0.004 -8"><span class='ocrx_word' id='word_1_198' title='bbox 102 1959 145 1991; x_wconf 69' lang='lat'>22&gt;</span> <span class='ocrx_word' id='word_1_199' title='bbox 168 1946 478 1996; x_wconf 72' lang='lat' dir='ltr'>mouentem</span> <span class='ocrx_word' id='word_1_200' title='bbox 516 1948 571 1997; x_wconf 90' lang='lat' dir='ltr'>et</span> <span class='ocrx_word' id='word_1_201' title='bbox 607 1943 849 1996; x_wconf 90' lang='lat' dir='ltr'>Mucium</span> <span class='ocrx_word' id='word_1_202' title='bbox 893 1944 952 1997; x_wconf 91' lang='lat' dir='ltr'>in</span> <span class='ocrx_word' id='word_1_203' title='bbox 1001 1944 1189 1998; x_wconf 88' lang='lat' dir='ltr'>hostili</span> <span class='ocrx_word' id='word_1_204' title='bbox 1226 1964 1318 1998; x_wconf 90' lang='lat' dir='ltr'>ara</span> <span class='ocrx_word' id='word_1_205' title='bbox 1363 1963 1584 1999; x_wconf 90' lang='lat' dir='ltr'>manum</span> <span class='ocrx_word' id='word_1_206' title='bbox 1632 1964 1788 1999; x_wconf 86' lang='lat' dir='ltr'>uren·</span> 
     </span>
     <span class='ocr_line' id='line_1_27' title="bbox 168 2013 1787 2086; baseline 0.002 -20"><span class='ocrx_word' id='word_1_207' title='bbox 168 2018 277 2066; x_wconf 84' lang='lat' dir='ltr'>tem</span> <span class='ocrx_word' id='word_1_208' title='bbox 314 2017 370 2067; x_wconf 88' lang='lat' dir='ltr'>et</span> <span class='ocrx_word' id='word_1_209' title='bbox 405 2013 532 2067; x_wconf 93' lang='lat' dir='ltr'>dum</span> <span class='ocrx_word' id='word_1_210' title='bbox 570 2020 650 2081; x_wconf 83' lang='lat' dir='ltr'>te,</span> <span class='ocrx_word' id='word_1_211' title='bbox 690 2013 847 2082; x_wconf 91' lang='lat' dir='ltr'>Deci,</span> <span class='ocrx_word' id='word_1_212' title='bbox 887 2016 1071 2084; x_wconf 85' lang='lat' dir='ltr'>cogito</span> <span class='ocrx_word' id='word_1_213' title='bbox 1111 2016 1204 2084; x_wconf 92' lang='lat' dir='ltr'>qui</span> <span class='ocrx_word' id='word_1_214' title='bbox 1248 2017 1266 2086; x_wconf 84' lang='grc' dir='ltr'>ΙΙ</span> <span class='ocrx_word' id='word_1_215' title='bbox 1309 2020 1364 2070; x_wconf 86' lang='lat' dir='ltr'>et</span> <span class='ocrx_word' id='word_1_216' title='bbox 1411 2017 1524 2085; x_wconf 90' lang='lat' dir='ltr'>ipse</span> <span class='ocrx_word' id='word_1_217' title='bbox 1561 2016 1787 2070; x_wconf 86' lang='lat' dir='ltr'>noluisti</span> 
     </span>
     <span class='ocr_line' id='line_1_28' title="bbox 167 2083 1788 2156; baseline 0.002 -20"><span class='ocrx_word' id='word_1_218' title='bbox 167 2084 310 2153; x_wconf 84' lang='lat' dir='ltr'>patri</span> <span class='ocrx_word' id='word_1_219' title='bbox 348 2083 550 2138; x_wconf 86' lang='lat' dir='ltr'>cedere.</span> <span class='ocrx_word' id='word_1_220' title='bbox 624 2084 888 2138; x_wconf 79' lang='lat' dir='ltr'>Transibo</span> <span class='ocrx_word' id='word_1_221' title='bbox 927 2085 986 2138; x_wconf 94' lang='lat' dir='ltr'>in</span> <span class='ocrx_word' id='word_1_222' title='bbox 1022 2086 1276 2139; x_wconf 88' lang='lat' dir='ltr'>subsellia</span> <span class='ocrx_word' id='word_1_223' title='bbox 1311 2090 1421 2156; x_wconf 89' lang='lat' dir='ltr'>tua,</span> <span class='ocrx_word' id='word_1_224' title='bbox 1460 2086 1788 2156; x_wconf 89' lang='lat' dir='ltr'>complectar</span> 
     </span>
     <span class='ocr_line' id='line_1_29' title="bbox 169 2154 1846 2226; baseline 0.004 -20"><span class='ocrx_word' id='word_1_225' title='bbox 169 2154 427 2208; x_wconf 87' lang='lat' dir='ltr'>inuitum:</span> <span class='ocrx_word' id='word_1_226' title='bbox 467 2156 594 2209; x_wconf 88' lang='lat' dir='ltr'>licet</span> <span class='ocrx_word' id='word_1_227' title='bbox 618 2172 902 2226; x_wconf 85' lang='lat' dir='ltr'>repugnes,</span> <span class='ocrx_word' id='word_1_228' title='bbox 928 2155 1125 2210; x_wconf 86' lang='lat' dir='ltr'>fortior</span> <span class='ocrx_word' id='word_1_229' title='bbox 1150 2175 1286 2210; x_wconf 89' lang='lat' dir='ltr'>sum.</span> <span class='ocrx_word' id='word_1_230' title='bbox 1344 2156 1532 2211; x_wconf 86' lang='lat' dir='ltr'>FVLVI</span> <span class='ocrx_word' id='word_1_231' title='bbox 1559 2155 1784 2211; x_wconf 76' lang='lat' dir='ltr'><strong>SPARSI.</strong></span> <span class='ocrx_word' id='word_1_232' title='bbox 1812 2164 1846 2212; x_wconf 87' lang='grc'>4</span> 
     </span>
     <span class='ocr_line' id='line_1_30' title="bbox 169 2222 1787 2299; baseline 0.002 -22"><span class='ocrx_word' id='word_1_233' title='bbox 169 2222 402 2279; x_wconf 87' lang='lat' dir='ltr'>Necesse</span> <span class='ocrx_word' id='word_1_234' title='bbox 440 2226 546 2280; x_wconf 89' lang='lat' dir='ltr'>fuit</span> <span class='ocrx_word' id='word_1_235' title='bbox 582 2226 716 2279; x_wconf 91' lang='lat' dir='ltr'>mihi</span> <span class='ocrx_word' id='word_1_236' title='bbox 754 2226 970 2279; x_wconf 83' lang='lat' dir='ltr'>fortiter</span> <span class='ocrx_word' id='word_1_237' title='bbox 1006 2227 1262 2280; x_wconf 87' lang='lat' dir='ltr'>militare:</span> <span class='ocrx_word' id='word_1_238' title='bbox 1303 2228 1656 2299; x_wconf 87' lang='lat' dir='ltr'>pugnandum</span> <span class='ocrx_word' id='word_1_239' title='bbox 1694 2228 1787 2281; x_wconf 91' lang='lat' dir='ltr'>ha-</span> 
     </span>
     <span class='ocr_line' id='line_1_31' title="bbox 104 2295 1786 2369; baseline 0.003 -23"><span class='ocrx_word' id='word_1_240' title='bbox 104 2309 147 2342; x_wconf 74' lang='lat'>³0</span> <span class='ocrx_word' id='word_1_241' title='bbox 171 2295 363 2349; x_wconf 88' lang='lat' dir='ltr'>bebam</span> <span class='ocrx_word' id='word_1_242' title='bbox 416 2314 529 2351; x_wconf 87' lang='lat' dir='ltr'>non</span> <span class='ocrx_word' id='word_1_243' title='bbox 584 2298 897 2367; x_wconf 88' lang='lat' dir='ltr'>imperatori</span> <span class='ocrx_word' id='word_1_244' title='bbox 952 2301 1190 2368; x_wconf 86' lang='lat' dir='ltr'>tantum,</span> <span class='ocrx_word' id='word_1_245' title='bbox 1248 2298 1340 2352; x_wconf 89' lang='lat' dir='ltr'>sed</span> <span class='ocrx_word' id='word_1_246' title='bbox 1388 2299 1545 2369; x_wconf 89' lang='lat' dir='ltr'>patri.</span> <span class='ocrx_word' id='word_1_247' title='bbox 1623 2298 1680 2352; x_wconf 87' lang='lat' dir='ltr'>Si</span> <span class='ocrx_word' id='word_1_248' title='bbox 1726 2302 1786 2352; x_wconf 88' lang='lat' dir='ltr'>tu</span> 
     </span>
    </p>
   </div>
   <div class='ocr_carea' id='block_1_3' title="bbox 170 2424 1789 2930">
    <p class='ocr_par' dir='ltr' id='par_1_3' title="bbox 170 2424 1789 2930">
     <span class='ocr_line' id='line_1_32' title="bbox 301 2424 1788 2482; baseline 0.004 -18"><span class='ocrx_word' id='word_1_249' title='bbox 301 2424 328 2465; x_wconf 94' lang='grc'><strong>2</strong></span> <span class='ocrx_word' id='word_1_250' title='bbox 361 2425 510 2466; x_wconf 73' lang='lat' dir='ltr'>iactet</span> <span class='ocrx_word' id='word_1_251' title='bbox 539 2424 700 2468; x_wconf 73' lang='lat' dir='ltr'>Schult.</span> <span class='ocrx_word' id='word_1_252' title='bbox 736 2425 753 2479; x_wconf 83' lang='grc'>11</span> <span class='ocrx_word' id='word_1_253' title='bbox 794 2429 820 2468; x_wconf 83' lang='grc'><strong>3</strong></span> <span class='ocrx_word' id='word_1_254' title='bbox 860 2427 1145 2481; x_wconf 86' lang='lat' dir='ltr'>cupidiorem</span> <span class='ocrx_word' id='word_1_255' title='bbox 1176 2429 1214 2468; x_wconf 76' lang='lat' dir='ltr'>A</span> <span class='ocrx_word' id='word_1_256' title='bbox 1253 2426 1269 2481; x_wconf 87' lang='grc' dir='ltr'>ΙΙ</span> <span class='ocrx_word' id='word_1_257' title='bbox 1307 2432 1466 2482; x_wconf 80' lang='lat' dir='ltr'>patres</span> <span class='ocrx_word' id='word_1_258' title='bbox 1499 2429 1530 2468; x_wconf 91' lang='lat'><strong>0</strong></span> <span class='ocrx_word' id='word_1_259' title='bbox 1570 2427 1586 2482; x_wconf 88' lang='grc' dir='ltr'>ΙΙ</span> <span class='ocrx_word' id='word_1_260' title='bbox 1636 2430 1662 2469; x_wconf 87' lang='lat'>4</span> <span class='ocrx_word' id='word_1_261' title='bbox 1695 2428 1788 2470; x_wconf 83' lang='lat' dir='ltr'>dis·</span> 
     </span>
     <span class='ocr_line' id='line_1_33' title="bbox 171 2478 1787 2539; baseline 0.003 -19"><span class='ocrx_word' id='word_1_262' title='bbox 171 2478 385 2521; x_wconf 74' lang='lat' dir='ltr'>sedemus</span> <span class='ocrx_word' id='word_1_263' title='bbox 423 2482 461 2522; x_wconf 71' lang='lat' dir='ltr'>A</span> <span class='ocrx_word' id='word_1_264' title='bbox 507 2479 525 2535; x_wconf 77' lang='grc' dir='ltr'>Ι</span> <span class='ocrx_word' id='word_1_265' title='bbox 564 2482 706 2524; x_wconf 74' lang='lat' dir='ltr'>simus</span> <span class='ocrx_word' id='word_1_266' title='bbox 744 2484 847 2523; x_wconf 66' lang='grc' dir='ltr'>Οτι</span> <span class='ocrx_word' id='word_1_267' title='bbox 885 2481 902 2536; x_wconf 85' lang='grc' dir='ltr'>ΙΙ</span> <span class='ocrx_word' id='word_1_268' title='bbox 943 2485 968 2525; x_wconf 80' lang='grc'><strong>7</strong></span> <span class='ocrx_word' id='word_1_269' title='bbox 1011 2489 1058 2525; x_wconf 82' lang='lat' dir='ltr'>et</span> <span class='ocrx_word' id='word_1_270' title='bbox 1097 2486 1296 2526; x_wconf 81' lang='lat' dir='ltr'>uirtutes</span> <span class='ocrx_word' id='word_1_271' title='bbox 1335 2485 1366 2524; x_wconf 91' lang='lat'><strong>0</strong></span> <span class='ocrx_word' id='word_1_272' title='bbox 1401 2483 1418 2539; x_wconf 91' lang='grc' dir='ltr'>ΙΙ</span> <span class='ocrx_word' id='word_1_273' title='bbox 1458 2487 1484 2527; x_wconf 86' lang='grc'>9</span> <span class='ocrx_word' id='word_1_274' title='bbox 1526 2489 1623 2526; x_wconf 83' lang='lat' dir='ltr'>tum</span> <span class='ocrx_word' id='word_1_275' title='bbox 1654 2485 1787 2539; x_wconf 86' lang='lat' dir='ltr'>sequi</span> 
     </span>
     <span class='ocr_line' id='line_1_34' title="bbox 172 2534 1787 2596; baseline 0.004 -20"><span class='ocrx_word' id='word_1_276' title='bbox 172 2537 200 2576; x_wconf 82' lang='grc'><strong>0</strong></span> <span class='ocrx_word' id='word_1_277' title='bbox 235 2534 252 2590; x_wconf 72' lang='lat' dir='ltr'>fl</span> <span class='ocrx_word' id='word_1_278' title='bbox 295 2539 348 2579; x_wconf 91' lang='grc'>10</span> <span class='ocrx_word' id='word_1_279' title='bbox 378 2537 701 2580; x_wconf 74' lang='lat' dir='ltr'>eonditendam</span> <span class='ocrx_word' id='word_1_280' title='bbox 732 2540 762 2578; x_wconf 77' lang='lat' dir='ltr'>c</span> <span class='ocrx_word' id='word_1_281' title='bbox 790 2537 810 2593; x_wconf 74' lang='lat' dir='ltr'>ss</span> <span class='ocrx_word' id='word_1_282' title='bbox 850 2539 899 2581; x_wconf 83' lang='lat'>11</span> <span class='ocrx_word' id='word_1_283' title='bbox 933 2539 1095 2582; x_wconf 79' lang='lat' dir='ltr'>dicant</span> <span class='ocrx_word' id='word_1_284' title='bbox 1124 2539 1279 2596; x_wconf 80' lang='lat' dir='ltr'>(alii)</span> <span class='ocrx_word' id='word_1_285' title='bbox 1310 2541 1518 2583; x_wconf 79' lang='lat' dir='ltr'>abdicati</span> <span class='ocrx_word' id='word_1_286' title='bbox 1548 2542 1569 2582; x_wconf 76' lang='lat'>⁵?</span> <span class='ocrx_word' id='word_1_287' title='bbox 1597 2539 1616 2595; x_wconf 83' lang='grc' dir='ltr'>ΙΙ</span> <span class='ocrx_word' id='word_1_288' title='bbox 1658 2543 1708 2583; x_wconf 88' lang='grc'>16</span> <span class='ocrx_word' id='word_1_289' title='bbox 1740 2544 1787 2582; x_wconf 86' lang='lat' dir='ltr'>in</span> 
     </span>
     <span class='ocr_line' id='line_1_35' title="bbox 172 2593 1789 2652; baseline 0.004 -20"><span class='ocrx_word' id='word_1_290' title='bbox 172 2593 390 2634; x_wconf 81' lang='lat' dir='ltr'>iudicium</span> <span class='ocrx_word' id='word_1_291' title='bbox 424 2600 562 2636; x_wconf 78' lang='lat' dir='ltr'>uocat</span> <span class='ocrx_word' id='word_1_292' title='bbox 594 2594 713 2649; x_wconf 88' lang='lat' dir='ltr'>quod</span> <span class='ocrx_word' id='word_1_293' title='bbox 743 2595 903 2637; x_wconf 75' lang='lat' dir='ltr'>Solum.</span> <span class='ocrx_word' id='word_1_294' title='bbox 933 2593 950 2650; x_wconf 80' lang='lat' dir='ltr'>{l</span> <span class='ocrx_word' id='word_1_295' title='bbox 988 2598 1040 2638; x_wconf 82' lang='lat'>17</span> <span class='ocrx_word' id='word_1_296' title='bbox 1073 2598 1242 2638; x_wconf 86' lang='lat' dir='ltr'>comito</span> <span class='ocrx_word' id='word_1_297' title='bbox 1277 2595 1462 2652; x_wconf 83' lang='lat' dir='ltr'>[amitto</span> <span class='ocrx_word' id='word_1_298' title='bbox 1495 2595 1548 2651; x_wconf 82' lang='grc' dir='ltr'>Τ]</span> <span class='ocrx_word' id='word_1_299' title='bbox 1584 2611 1668 2652; x_wconf 87' lang='lat' dir='ltr'>ego</span> <span class='ocrx_word' id='word_1_300' title='bbox 1701 2598 1789 2639; x_wconf 81' lang='lat' dir='ltr'>tibi</span> 
     </span>
     <span class='ocr_line' id='line_1_36' title="bbox 173 2649 1789 2707; baseline 0.005 -18"><span class='ocrx_word' id='word_1_301' title='bbox 173 2661 358 2701; x_wconf 77' lang='lat' dir='ltr'>possum</span> <span class='ocrx_word' id='word_1_302' title='bbox 388 2649 434 2700; x_wconf 89' lang='grc'>0,</span> <span class='ocrx_word' id='word_1_303' title='bbox 456 2664 571 2692; x_wconf 85' lang='lat' dir='ltr'>corr.</span> <span class='ocrx_word' id='word_1_304' title='bbox 595 2650 747 2701; x_wconf 75' lang='lat' dir='ltr'>Burs..</span> <span class='ocrx_word' id='word_1_305' title='bbox 780 2664 933 2693; x_wconf 70' lang='lat' dir='ltr'>comen</span> <span class='ocrx_word' id='word_1_306' title='bbox 965 2652 1032 2694; x_wconf 83' lang='lat' dir='ltr'>ire</span> <span class='ocrx_word' id='word_1_307' title='bbox 1065 2666 1151 2706; x_wconf 81' lang='lat' dir='ltr'>ego</span> <span class='ocrx_word' id='word_1_308' title='bbox 1183 2654 1271 2695; x_wconf 81' lang='lat' dir='ltr'>tibi</span> <span class='ocrx_word' id='word_1_309' title='bbox 1304 2667 1502 2707; x_wconf 84' lang='lat' dir='ltr'>possum,</span> <span class='ocrx_word' id='word_1_310' title='bbox 1536 2654 1700 2696; x_wconf 89' lang='lat' dir='ltr'>cedere</span> <span class='ocrx_word' id='word_1_311' title='bbox 1734 2655 1789 2697; x_wconf 89' lang='grc' dir='ltr'>Ν.</span> 
     </span>
     <span class='ocr_line' id='line_1_37' title="bbox 173 2703 1788 2764; baseline 0.003 -19"><span class='ocrx_word' id='word_1_312' title='bbox 173 2705 351 2759; x_wconf 71' lang='lat' dir='ltr'>Madviq</span> <span class='ocrx_word' id='word_1_313' title='bbox 390 2703 407 2759; x_wconf 86' lang='grc' dir='ltr'>Ι</span> <span class='ocrx_word' id='word_1_314' title='bbox 451 2709 502 2748; x_wconf 86' lang='grc'>19</span> <span class='ocrx_word' id='word_1_315' title='bbox 533 2706 747 2761; x_wconf 84' lang='lat' dir='ltr'>pudicum</span> <span class='ocrx_word' id='word_1_316' title='bbox 779 2709 881 2748; x_wconf 70' lang='grc' dir='ltr'>Οτι</span> <span class='ocrx_word' id='word_1_317' title='bbox 920 2706 937 2762; x_wconf 70' lang='lat' dir='ltr'>fl</span> <span class='ocrx_word' id='word_1_318' title='bbox 977 2710 1032 2750; x_wconf 94' lang='grc'>20</span> <span class='ocrx_word' id='word_1_319' title='bbox 1063 2710 1276 2751; x_wconf 78' lang='lat' dir='ltr'>aiebatur</span> <span class='ocrx_word' id='word_1_320' title='bbox 1305 2710 1338 2751; x_wconf 83' lang='lat' dir='ltr'>B</span> <span class='ocrx_word' id='word_1_321' title='bbox 1380 2709 1397 2764; x_wconf 79' lang='lat' dir='ltr'>ss</span> <span class='ocrx_word' id='word_1_322' title='bbox 1437 2713 1491 2752; x_wconf 82' lang='grc'>22</span> <span class='ocrx_word' id='word_1_323' title='bbox 1524 2713 1711 2764; x_wconf 84' lang='lat' dir='ltr'>parauit</span> <span class='ocrx_word' id='word_1_324' title='bbox 1742 2710 1788 2760; x_wconf 88' lang='lat'>0,</span> 
     </span>
     <span class='ocr_line' id='line_1_38' title="bbox 170 2762 1789 2821; baseline 0.002 -19"><span class='ocrx_word' id='word_1_325' title='bbox 170 2774 287 2803; x_wconf 75' lang='lat' dir='ltr'>corr.</span> <span class='ocrx_word' id='word_1_326' title='bbox 321 2762 536 2817; x_wconf 68' lang='lat' dir='ltr'>Madvtyfl</span> <span class='ocrx_word' id='word_1_327' title='bbox 576 2766 631 2805; x_wconf 86' lang='grc'>23</span> <span class='ocrx_word' id='word_1_328' title='bbox 662 2764 815 2816; x_wconf 75' lang='lat' dir='ltr'>cogite</span> <span class='ocrx_word' id='word_1_329' title='bbox 849 2765 878 2804; x_wconf 79' lang='lat'><strong>0</strong></span> <span class='ocrx_word' id='word_1_330' title='bbox 944 2766 999 2806; x_wconf 75' lang='lat'>25</span> <span class='ocrx_word' id='word_1_331' title='bbox 1031 2764 1305 2808; x_wconf 76' lang='lat' dir='ltr'>hostialiara</span> <span class='ocrx_word' id='word_1_332' title='bbox 1335 2766 1414 2821; x_wconf 58' lang='grc' dir='ltr'>’ΒΙΙ</span> <span class='ocrx_word' id='word_1_333' title='bbox 1443 2772 1726 2808; x_wconf 76' lang='lat' dir='ltr'>max-nentem</span> <span class='ocrx_word' id='word_1_334' title='bbox 1756 2767 1789 2806; x_wconf 77' lang='lat' dir='ltr'>&#39;l&#39;</span> 
     </span>
     <span class='ocr_line' id='line_1_39' title="bbox 172 2818 1789 2875; baseline 0.004 -18"><span class='ocrx_word' id='word_1_335' title='bbox 172 2830 248 2858; x_wconf 75' lang='lat' dir='ltr'>ma</span> <span class='ocrx_word' id='word_1_336' title='bbox 268 2823 473 2859; x_wconf 78' lang='lat' dir='ltr'>urentem</span> <span class='ocrx_word' id='word_1_337' title='bbox 506 2821 548 2867; x_wconf 78' lang='lat' dir='ltr'>c,</span> <span class='ocrx_word' id='word_1_338' title='bbox 580 2833 694 2861; x_wconf 83' lang='lat' dir='ltr'>corr.</span> <span class='ocrx_word' id='word_1_339' title='bbox 728 2818 858 2861; x_wconf 74' lang='lat' dir='ltr'>Burs.</span> <span class='ocrx_word' id='word_1_340' title='bbox 941 2822 994 2862; x_wconf 83' lang='grc'>27</span> <span class='ocrx_word' id='word_1_341' title='bbox 1026 2822 1295 2864; x_wconf 73' lang='lat' dir='ltr'>subsellium</span> <span class='ocrx_word' id='word_1_342' title='bbox 1327 2828 1452 2864; x_wconf 84' lang='lat' dir='ltr'>tuam</span> <span class='ocrx_word' id='word_1_343' title='bbox 1484 2821 1623 2875; x_wconf 69' lang='lat' dir='ltr'>01⁸ss</span> <span class='ocrx_word' id='word_1_344' title='bbox 1667 2835 1789 2864; x_wconf 89' lang='lat' dir='ltr'>com·</span> 
     </span>
     <span class='ocr_line' id='line_1_40' title="bbox 172 2871 1206 2930; baseline 0.005 -16"><span class='ocrx_word' id='word_1_345' title='bbox 172 2873 350 2927; x_wconf 72' lang='lat' dir='ltr'>plector</span> <span class='ocrx_word' id='word_1_346' title='bbox 377 2876 415 2915; x_wconf 81' lang='grc' dir='ltr'><strong>Α</strong></span> <span class='ocrx_word' id='word_1_347' title='bbox 435 2871 452 2928; x_wconf 86' lang='grc' dir='ltr'>Ι</span> <span class='ocrx_word' id='word_1_348' title='bbox 474 2877 528 2919; x_wconf 88' lang='grc'>28</span> <span class='ocrx_word' id='word_1_349' title='bbox 559 2876 728 2917; x_wconf 66' lang='lat' dir='ltr'>inuita]</span> <span class='ocrx_word' id='word_1_350' title='bbox 762 2878 824 2917; x_wconf 74' lang='grc' dir='ltr'>Τι</span> <span class='ocrx_word' id='word_1_351' title='bbox 844 2874 861 2930; x_wconf 82' lang='grc' dir='ltr'>ΙΙ</span> <span class='ocrx_word' id='word_1_352' title='bbox 882 2878 937 2918; x_wconf 82' lang='grc'>29</span> <span class='ocrx_word' id='word_1_353' title='bbox 967 2877 1142 2919; x_wconf 79' lang='lat' dir='ltr'>uiolare</span> <span class='ocrx_word' id='word_1_354' title='bbox 1173 2881 1206 2918; x_wconf 83' lang='lat'>⁰1·</span> 
     </span>
    </p>
   </div>
  </div>
 </body>
</html>
