1890 3060
97 147 142 188 p,
166 134 221 174 52
242 133 296 174 13.
493 121 1095 167 CONTROVERSIARVM
1123 124 1240 166 LIB.
1271 125 1309 170 I.
1650 123 1719 177 63

102 260 204 311 bus
244 254 459 325 quidem
495 251 716 322 prodest
752 249 976 303 subinde
1002 249 1243 302 animum
1276 250 1544 319 relaxare3
1585 250 1722 304 exci-

104 333 251 382 tatur
288 325 432 379 enim
471 323 583 377 otio
621 322 779 392 uigor
816 323 870 373 et
906 320 1080 374 omnis
1104 319 1351 388 tristitia,
1391 338 1527 388 quae
1555 321 1721 374 conti-

0 419 2 452 :
43 446 48 449 .
102 398 363 452 nuatione
383 393 673 465 pertinacis
694 391 856 444 studii
872 390 1166 459 adducitur,
1177 389 1434 443 feriarum
1449 391 1721 444 hilaritate

105 468 413 522 discutitur:
450 463 589 517 nulli
612 467 795 515 tamen
819 461 1145 514 intermissio
1171 459 1508 514 manifestius
1533 460 1722 530 prode-

103 545 203 593 rat.
289 535 550 598 Quotiens
597 550 662 584 ex
709 531 996 584 interuallo
1045 531 1275 599 dixerat,
1323 531 1495 585 multo
1548 531 1723 586 acrius

102 608 501 673 uiolentiusque
538 603 774 656 dicebat:
814 602 1105 669 exuldtabat
1141 602 1286 654 enim
1319 605 1523 656 nouato
1562 606 1723 670 atque

103 682 316 749 integro
355 676 548 729 robore
586 677 641 726 et
675 676 888 725 tantum
926 691 958 724 a
997 690 1052 725 se
1092 673 1426 742 exprimebat
1462 676 1726 742 quantum

106 748 466 817 concupierat.
551 743 841 796 Nesciebat
895 742 1201 812 dispensare
1248 744 1391 796 uires
1439 763 1586 813 suas,
1633 742 1726 795 sed

103 818 424 873 inmoderati
462 815 718 868 aduersus
743 832 799 867 se
824 814 1037 882 imperii
1062 814 1191 882 fuit3
1235 814 1463 884 ideoque
1489 815 1726 868 studium

39 910 81 941 ιο
106 892 220 944 eius
257 886 534 959 prohiberi
572 885 823 952 debebat,
862 886 990 952 quia
1026 885 1142 954 regi
1178 903 1292 937 non
1329 888 1557 954 poterat.
1618 885 1725 937 Ita-

107 979 211 1031 que
257 960 464 1013 solebat
509 960 563 1009 et
609 956 748 1024 ipse,
803 972 924 1007 cum
971 973 1026 1007 se
1074 954 1286 1008 assidua
1333 959 1387 1007 et
1431 972 1728 1024 numquam

108 1030 413 1085 intermissa
450 1026 797 1081 contentione
834 1025 1098 1095 fregerat,
1146 1025 1344 1079 sentire
1382 1026 1590 1097 ingenii
1626 1025 1727 1077 las-

107 1101 421 1168 situdinem,
497 1115 597 1150 uae
632 1114 747 1149 non
782 1096 962 1148 minor
1006 1099 1087 1148 est
1123 1114 1285 1165 quam
1322 1098 1588 1166 corporiS,
1637 1093 1731 1148 sed

109 1172 383 1227 occultior.
514 1186 676 1237 orpus
733 1166 814 1219 illi
870 1169 985 1219 erat
1042 1170 1096 1219 et
1148 1170 1344 1220 natura
1399 1167 1631 1228 solidum
1677 1167 1732 1218 et
1750 1171 1815 1218 16

43 1262 85 1294 15
107 1243 278 1297 multa
315 1240 697 1295 exercitatione
735 1238 1010 1305 duratum,
1048 1237 1169 1291 ideo
1210 1255 1278 1291 ue
1313 1257 1611 1308 numquam
1635 1237 1731 1289 im-

108 1318 264 1384 petus
320 1310 556 1366 ardentis
613 1309 780 1362 animi
829 1308 1077 1361 deseruit.
1217 1326 1286 1362 ox
1333 1311 1580 1378 robusta,
1638 1306 1732 1361 sed

110 1383 350 1451 sordida,
387 1379 856 1435 lucubrationibus
895 1383 948 1431 et
971 1379 1345 1449 neglegentia,
1382 1399 1497 1434 non
1521 1382 1732 1446 natura,

111 1455 406 1521 infuscata3
454 1451 715 1505 beneficio
766 1453 950 1503 tamen
995 1449 1225 1502 laterum
1277 1451 1635 1504 extollebatur
1680 1452 1735 1501 et

111 1525 359 1595 quamuis
396 1524 538 1575 inter
574 1522 731 1574 initia
778 1538 969 1589 parum
1006 1520 1248 1574 attulisse
1295 1522 1494 1574 uirium
1530 1521 1734 1573 uidere-

46 1615 91 1648 ιο
111 1601 225 1664 tur,
273 1596 390 1664 ipsa
445 1593 657 1646 actione
713 1590 1068 1644 adcrescebat.
1153 1591 1306 1644 nulla
1350 1610 1607 1660 umquam
1652 1589 1734 1643 illi

113 1684 243 1721 cura
277 1665 429 1718 uocis
468 1661 794 1716 exercendae
819 1662 947 1714 fuit:
986 1660 1140 1713 illum
1166 1660 1364 1715 fortem
1389 1666 1444 1716 et
1468 1665 1735 1732 agrestem

113 1742 168 1791 et
202 1735 479 1805 Hispanae
527 1732 930 1787 consuetudinis
977 1750 1183 1785 morem
1227 1751 1342 1787 non
1389 1736 1604 1803 poterat
1650 1731 1735 1785 de-

115 1808 345 1862 discere:
384 1809 675 1873 utcumque
713 1821 798 1856 res
834 1802 1034 1855 tulerat
1057 1803 1134 1855 ita
1158 1804 1367 1872 uiuere,
1405 1804 1546 1857 nihil
1583 1802 1735 1857 uocis

117 1896 277 1932 causa
312 1877 516 1943 facere,
553 1893 667 1927 non
704 1874 853 1926 illam
890 1891 986 1942 per
1023 1873 1220 1943 gradus
1244 1876 1507 1944 paulatim
1532 1875 1599 1927 ab
1625 1874 1735 1927 imo

52 1968 94 2000 ε»
116 1949 184 2002 ad
221 1965 488 2001 summum
525 1945 840 2015 perducere,
888 1961 1003 1997 non
1049 1962 1232 1997 rursus
1278 1965 1311 1998 a
1356 1964 1565 1998 summa
1612 1962 1737 1999 con·

116 2019 358 2073 tentione
395 2016 613 2086 paribus
638 2013 939 2068 interuallis
965 2014 1308 2084 descendere,
1346 2035 1459 2069 non
1489 2015 1738 2068 sudorem

118 2089 375 2143 unctione
412 2087 703 2153 discutere,
741 2103 856 2139 non
893 2086 1034 2138 latus
1071 2086 1436 2140 ambulatione
1473 2103 1737 2156 reparare.

118 2159 288 2229 Saepe
326 2176 448 2213 cum
488 2175 585 2227 per
619 2162 791 2210 totam
827 2156 1208 2210 lucubrauerat
1243 2161 1485 2226 noctem,
1525 2158 1592 2210 ab
1617 2157 1736 2226 ipso
1757 2162 1819 2209 17

121 2231 242 2285 cibo
291 2228 473 2282 statim
519 2228 587 2281 ad
637 2227 1044 2281 declamandum
1094 2229 1361 2281 ueniebat.
1444 2228 1562 2281 Iam
1608 2245 1737 2281 uero

56 2319 98 2352 ³⁰
120 2315 1122 2439 &offofssffiefflzffssfflassfffgss
1158 2298 1740 2439 ἷὲἓὲἱῖέἓὲἒῗὲθὲῗὲ

239 2547 259 2584 1
294 2542 495 2583 animum
529 2541 722 2583 subinde
755 2542 788 2581 P
816 2539 833 2594 ΙΙ
862 2541 1108 2596 exicitatur
1137 2543 1182 2582 H
1213 2541 1228 2596 ΙΙ
1258 2544 1284 2584 6
1315 2547 1488 2584 nouato
1518 2539 1742 2596 (animo)

123 2599 170 2641 O.
197 2599 381 2640 Ribbeck
402 2598 418 2650 ΙΙ
448 2600 472 2639 7
505 2603 554 2640 et
581 2599 663 2640 del.
694 2598 756 2639 Ji.
790 2597 949 2639 Mamer
978 2597 994 2651 ΙΙ
1025 2601 1051 2640 9
1081 2600 1274 2651 imperio
1303 2601 1379 2639 Ha
1399 2597 1415 2652 ΙΙ
1447 2601 1500 2641 10
1530 2600 1598 2640 rei
1626 2600 1702 2639 lta
1730 2596 1743 2651 ΙΙ

124 2659 174 2697 11
208 2668 256 2698 oe
289 2669 364 2698 om.
396 2656 471 2695 ¹⁸
492 2654 508 2707 ΙΙ
530 2666 754 2708 nusquam
774 2655 807 2694 P
827 2652 844 2707 ss
867 2657 919 2697 15
948 2656 1106 2709 itaque
1138 2657 1171 2696 P
1191 2654 1207 2708 ΙΙ
1231 2658 1282 2697 17
1314 2656 1554 2709 neglentia
1582 2657 1628 2695 Η
1650 2654 1666 2709 ΙΙ
1690 2657 1742 2696 19

123 2711 318 2754 ιιῐιῐίεεο
348 2713 394 2751 Ι
428 2711 444 2763 ΙΙ
475 2710 694 2752 uidentur
721 2711 754 2751 P
789 2709 805 2763 ΙΙ
833 2713 901 2756 21.
934 2714 989 2753 22
1022 2716 1255 2766 agrestem
1285 2713 1475 2766 antique
1508 2725 1546 2757 c.
1568 2714 1601 2752 P
1636 2710 1652 2765 ΙΙ
1687 2713 1741 2752 22

124 2769 343 2811 maiorem
374 2769 448 2808 1⁸
469 2767 484 2821 ΙΙ
506 2770 574 2811 24.
598 2769 652 2810 25
682 2767 903 2821 paulatim
926 2782 954 2810 a
974 2781 1147 2810 summo
1179 2770 1237 2810 ad
1268 2770 1406 2811 imum
1431 2770 1510 2809 ΠΡ
1530 2767 1546 2821 ΙΙ
1567 2770 1622 2810 25
1654 2780 1743 2809 non

126 2826 278 2867 iussn·
305 2826 339 2865 P
367 2824 383 2876 u
418 2826 473 2866 28
506 2837 604 2866 com
635 2825 711 2864 Π..
737 2821 754 2874 ΙΙ
789 2826 844 2865 30
873 2837 972 2866 cum
1003 2839 1096 2867 rem
1127 2827 1232 2876 KP,
1263 2839 1378 2870 corr.
1415 2826 1596 2867 Gronov.
1636 2823 1651 2877 ΙΙ
1688 2826 1739 2866 31

126 2894 316 2924 coenam
345 2882 431 2923 ΠΡ
