<?xml version="1.0" encoding="UTF-8"?>
<!DOCTYPE html PUBLIC "-//W3C//DTD XHTML 1.0 Transitional//EN"
    "http://www.w3.org/TR/xhtml1/DTD/xhtml1-transitional.dtd">
<html xmlns="http://www.w3.org/1999/xhtml" xml:lang="en" lang="en">
 <head>
  <title>
</title>
<meta http-equiv="Content-Type" content="text/html;charset=utf-8" />
  <meta name='ocr-system' content='tesseract 3.04.00' />
  <meta name='ocr-capabilities' content='ocr_page ocr_carea ocr_par ocr_line ocrx_word'/>
</head>
<body>
  <div class='ocr_page' id='page_1' title='image "./oratorumetrhetor00seneuoft_0529.png"; bbox 0 0 1936 3100; ppageno 0'>
   <div class='ocr_carea' id='block_1_1' title="bbox 141 117 1757 193">
    <p class='ocr_par' dir='ltr' id='par_1_1' title="bbox 141 117 1757 193">
     <span class='ocr_line' id='line_1_1' title="bbox 141 117 1757 193; baseline -0.004 -12"><span class='ocrx_word' id='word_1_1' title='bbox 141 138 341 193; x_wconf 80' lang='lat' dir='ltr'><strong>p.33213.</strong></span> <span class='ocrx_word' id='word_1_2' title='bbox 449 133 1056 179; x_wconf 71' lang='lat' dir='ltr'>CONTROVERSIARVM</span> <span class='ocrx_word' id='word_1_3' title='bbox 1085 134 1206 176; x_wconf 90' lang='lat' dir='ltr'>LIB.</span> <span class='ocrx_word' id='word_1_4' title='bbox 1228 134 1297 179; x_wconf 56' lang='lat' dir='ltr'><strong>X:</strong></span> <span class='ocrx_word' id='word_1_5' title='bbox 1317 135 1343 176; x_wconf 82' lang='lat'>5</span> <span class='ocrx_word' id='word_1_6' title='bbox 1366 131 1473 188; x_wconf 81' lang='lat'>(34).</span> <span class='ocrx_word' id='word_1_7' title='bbox 1650 117 1757 186; x_wconf 80' lang='lat'><strong>509</strong></span> 
     </span>
    </p>
   </div>
   <div class='ocr_carea' id='block_1_2' title="bbox 15 257 1845 2377">
    <p class='ocr_par' dir='ltr' id='par_1_2' title="bbox 15 257 1845 2377">
     <span class='ocr_line' id='line_1_2' title="bbox 142 257 1845 328; baseline -0.001 -15"><span class='ocrx_word' id='word_1_8' title='bbox 142 278 256 314; x_wconf 91' lang='lat' dir='ltr'><strong>esse</strong></span> <span class='ocrx_word' id='word_1_9' title='bbox 310 260 467 313; x_wconf 89' lang='lat' dir='ltr'><strong>liberi</strong></span> <span class='ocrx_word' id='word_1_10' title='bbox 521 258 836 313; x_wconf 90' lang='lat' dir='ltr'><strong>iudicentur.</strong></span> <span class='ocrx_word' id='word_1_11' title='bbox 911 257 1031 312; x_wconf 93' lang='lat' dir='ltr'><strong>Hoc</strong></span> <span class='ocrx_word' id='word_1_12' title='bbox 1079 258 1409 328; x_wconf 78' lang='lat' dir='ltr'><strong>censuimuS,</strong></span> <span class='ocrx_word' id='word_1_13' title='bbox 1467 257 1757 328; x_wconf 76' lang='lat' dir='ltr'><strong>Olynthios</strong></span> <span class='ocrx_word' id='word_1_14' title='bbox 1838 257 1845 262; x_wconf 76' lang='grc'><em>“</em></span> 
     </span>
     <span class='ocr_line' id='line_1_3' title="bbox 142 328 1755 397; baseline -0.002 -13"><span class='ocrx_word' id='word_1_15' title='bbox 142 332 286 384; x_wconf 88' lang='lat' dir='ltr'><strong>ciues</strong></span> <span class='ocrx_word' id='word_1_16' title='bbox 322 333 538 384; x_wconf 87' lang='lat' dir='ltr'><strong>nostros</strong></span> <span class='ocrx_word' id='word_1_17' title='bbox 562 347 701 383; x_wconf 91' lang='lat' dir='ltr'><strong>esse:</strong></span> <span class='ocrx_word' id='word_1_18' title='bbox 739 330 817 382; x_wconf 88' lang='lat' dir='ltr'><strong>ita</strong></span> <span class='ocrx_word' id='word_1_19' title='bbox 841 332 895 382; x_wconf 91' lang='lat' dir='ltr'><strong>et</strong></span> <span class='ocrx_word' id='word_1_20' title='bbox 930 329 1023 382; x_wconf 90' lang='lat' dir='ltr'><strong>ille</strong></span> <span class='ocrx_word' id='word_1_21' title='bbox 1048 329 1182 382; x_wconf 89' lang='lat' dir='ltr'><strong>ciuis</strong></span> <span class='ocrx_word' id='word_1_22' title='bbox 1218 332 1403 382; x_wconf 89' lang='lat' dir='ltr'><strong>noster</strong></span> <span class='ocrx_word' id='word_1_23' title='bbox 1438 329 1558 382; x_wconf 91' lang='lat' dir='ltr'><strong>fuit.</strong></span> <span class='ocrx_word' id='word_1_24' title='bbox 1610 328 1755 397; x_wconf 88' lang='lat' dir='ltr'><strong>Non,</strong></span> 
     </span>
     <span class='ocr_line' id='line_1_4' title="bbox 141 398 1756 470; baseline -0.002 -15"><span class='ocrx_word' id='word_1_25' title='bbox 141 402 344 470; x_wconf 83' lang='lat' dir='ltr'><strong>inquit3</strong></span> <span class='ocrx_word' id='word_1_26' title='bbox 370 419 499 454; x_wconf 90' lang='lat' dir='ltr'><strong>nam</strong></span> <span class='ocrx_word' id='word_1_27' title='bbox 524 400 796 453; x_wconf 90' lang='lat' dir='ltr'><strong>decretum</strong></span> <span class='ocrx_word' id='word_1_28' title='bbox 822 400 880 452; x_wconf 97' lang='lat' dir='ltr'><strong>in</strong></span> <span class='ocrx_word' id='word_1_29' title='bbox 904 399 1150 453; x_wconf 89' lang='lat' dir='ltr'><strong>futurum</strong></span> <span class='ocrx_word' id='word_1_30' title='bbox 1173 398 1377 453; x_wconf 88' lang='lat' dir='ltr'><strong>factum</strong></span> <span class='ocrx_word' id='word_1_31' title='bbox 1403 402 1498 452; x_wconf 89' lang='lat' dir='ltr'><strong>est.</strong></span> <span class='ocrx_word' id='word_1_32' title='bbox 1537 418 1671 452; x_wconf 90' lang='lat' dir='ltr'><strong>num</strong></span> <span class='ocrx_word' id='word_1_33' title='bbox 1695 400 1756 452; x_wconf 92' lang='lat' dir='ltr'><strong>in</strong></span> 
     </span>
     <span class='ocr_line' id='line_1_5' title="bbox 141 466 1755 541; baseline -0.001 -17"><span class='ocrx_word' id='word_1_34' title='bbox 141 472 492 541; x_wconf 88' lang='lat' dir='ltr'><strong>praeteritum</strong></span> <span class='ocrx_word' id='word_1_35' title='bbox 509 471 593 524; x_wconf 92' lang='lat' dir='ltr'><strong>uis</strong></span> <span class='ocrx_word' id='word_1_36' title='bbox 614 471 717 524; x_wconf 90' lang='lat' dir='ltr'><strong>hoc</strong></span> <span class='ocrx_word' id='word_1_37' title='bbox 735 470 850 523; x_wconf 90' lang='lat' dir='ltr'><strong>fieri</strong></span> <span class='ocrx_word' id='word_1_38' title='bbox 872 471 955 523; x_wconf 93' lang='lat' dir='ltr'><strong>ius</strong></span> <span class='ocrx_word' id='word_1_39' title='bbox 968 469 996 523; x_wconf 78' lang='lat'><strong>⁶?</strong></span> <span class='ocrx_word' id='word_1_40' title='bbox 1022 488 1155 523; x_wconf 93' lang='lat' dir='ltr'><strong>num</strong></span> <span class='ocrx_word' id='word_1_41' title='bbox 1174 466 1418 540; x_wconf 83' lang='lat' dir='ltr'><strong>quisquis</strong></span> <span class='ocrx_word' id='word_1_42' title='bbox 1433 468 1755 539; x_wconf 77' lang='lat' dir='ltr'><strong>Olynthium</strong></span> 
     </span>
     <span class='ocr_line' id='line_1_6' title="bbox 26 535 1755 610; baseline -0.002 -15"><span class='ocrx_word' id='word_1_43' title='bbox 26 535 31 548; x_wconf 82' lang='grc'><strong>’</strong></span> <span class='ocrx_word' id='word_1_44' title='bbox 92 556 119 589; x_wconf 78' lang='lat'>⁵</span> <span class='ocrx_word' id='word_1_45' title='bbox 141 560 357 595; x_wconf 88' lang='lat' dir='ltr'><strong>seruum</strong></span> <span class='ocrx_word' id='word_1_46' title='bbox 395 542 601 609; x_wconf 89' lang='lat' dir='ltr'><strong>habuit,</strong></span> <span class='ocrx_word' id='word_1_47' title='bbox 639 541 991 610; x_wconf 79' lang='lat' dir='ltr'>accusabitur,</span> <span class='ocrx_word' id='word_1_48' title='bbox 1030 539 1174 610; x_wconf 93' lang='lat' dir='ltr'><strong>quod</strong></span> <span class='ocrx_word' id='word_1_49' title='bbox 1211 541 1384 594; x_wconf 90' lang='lat' dir='ltr'><strong>ciuem</strong></span> <span class='ocrx_word' id='word_1_50' title='bbox 1419 540 1479 593; x_wconf 93' lang='lat' dir='ltr'><strong>in</strong></span> <span class='ocrx_word' id='word_1_51' title='bbox 1516 558 1612 592; x_wconf 85' lang='lat' dir='ltr'><strong>sua</strong></span> <span class='ocrx_word' id='word_1_52' title='bbox 1650 558 1755 592; x_wconf 91' lang='lat' dir='ltr'><strong>ser-</strong></span> 
     </span>
     <span class='ocr_line' id='line_1_7' title="bbox 141 611 1755 680; baseline -0.002 -15"><span class='ocrx_word' id='word_1_53' title='bbox 141 612 314 665; x_wconf 85' lang='lat' dir='ltr'><strong>uitute</strong></span> <span class='ocrx_word' id='word_1_54' title='bbox 351 611 625 664; x_wconf 77' lang='lat' dir='ltr'><strong>tenuerit?</strong></span> <span class='ocrx_word' id='word_1_55' title='bbox 663 612 709 664; x_wconf 91' lang='lat' dir='ltr'><strong>si</strong></span> <span class='ocrx_word' id='word_1_56' title='bbox 747 612 867 680; x_wconf 91' lang='lat' dir='ltr'><strong>quis</strong></span> <span class='ocrx_word' id='word_1_57' title='bbox 905 615 1036 665; x_wconf 90' lang='lat' dir='ltr'><strong>tunc</strong></span> <span class='ocrx_word' id='word_1_58' title='bbox 1073 612 1216 664; x_wconf 91' lang='lat' dir='ltr'><strong>inter</strong></span> <span class='ocrx_word' id='word_1_59' title='bbox 1250 611 1553 664; x_wconf 87' lang='lat' dir='ltr'><strong>necessaria</strong></span> <span class='ocrx_word' id='word_1_60' title='bbox 1590 611 1755 663; x_wconf 89' lang='lat' dir='ltr'><strong>serui-</strong></span> 
     </span>
     <span class='ocr_line' id='line_1_8' title="bbox 140 681 1757 751; baseline -0.001 -16"><span class='ocrx_word' id='word_1_61' title='bbox 140 682 274 735; x_wconf 91' lang='lat' dir='ltr'><strong>lium</strong></span> <span class='ocrx_word' id='word_1_62' title='bbox 311 682 614 736; x_wconf 87' lang='lat' dir='ltr'><strong>officiorum</strong></span> <span class='ocrx_word' id='word_1_63' title='bbox 650 682 951 735; x_wconf 88' lang='lat' dir='ltr'><strong>ministeria</strong></span> <span class='ocrx_word' id='word_1_64' title='bbox 995 683 1258 751; x_wconf 74' lang='lat' dir='ltr'><strong>percussit</strong></span> <span class='ocrx_word' id='word_1_65' title='bbox 1295 685 1389 735; x_wconf 89' lang='lat' dir='ltr'><strong>aut</strong></span> <span class='ocrx_word' id='word_1_66' title='bbox 1425 681 1638 749; x_wconf 88' lang='lat' dir='ltr'><strong>cecidit,</strong></span> <span class='ocrx_word' id='word_1_67' title='bbox 1677 682 1757 733; x_wconf 89' lang='lat' dir='ltr'><strong>in-</strong></span> 
     </span>
     <span class='ocr_line' id='line_1_9' title="bbox 141 751 1753 822; baseline -0.001 -17"><span class='ocrx_word' id='word_1_68' title='bbox 141 753 400 806; x_wconf 85' lang='lat' dir='ltr'><strong>iuriarum</strong></span> <span class='ocrx_word' id='word_1_69' title='bbox 437 752 814 806; x_wconf 78' lang='lat' dir='ltr'><strong>accusabitur?</strong></span> <span class='ocrx_word' id='word_1_70' title='bbox 853 754 1002 822; x_wconf 86' lang='lat' dir='ltr'><strong>atqui</strong></span> <span class='ocrx_word' id='word_1_71' title='bbox 1029 756 1292 822; x_wconf 91' lang='lat' dir='ltr'><strong>quantum</strong></span> <span class='ocrx_word' id='word_1_72' title='bbox 1318 751 1386 805; x_wconf 87' lang='lat' dir='ltr'><strong>ad</strong></span> <span class='ocrx_word' id='word_1_73' title='bbox 1421 752 1504 805; x_wconf 91' lang='lat' dir='ltr'><strong>ius</strong></span> <span class='ocrx_word' id='word_1_74' title='bbox 1543 751 1753 820; x_wconf 90' lang='lat' dir='ltr'><strong>attinet,</strong></span> 
     </span>
     <span class='ocr_line' id='line_1_10' title="bbox 141 822 1756 893; baseline -0.001 -17"><span class='ocrx_word' id='word_1_75' title='bbox 141 823 282 876; x_wconf 87' lang='lat' dir='ltr'>nihil</span> <span class='ocrx_word' id='word_1_76' title='bbox 328 824 555 877; x_wconf 88' lang='lat' dir='ltr'><strong>interest</strong></span> <span class='ocrx_word' id='word_1_77' title='bbox 602 822 856 876; x_wconf 87' lang='lat' dir='ltr'><strong>occiderit</strong></span> <span class='ocrx_word' id='word_1_78' title='bbox 901 841 971 876; x_wconf 88' lang='lat' dir='ltr'><strong>an</strong></span> <span class='ocrx_word' id='word_1_79' title='bbox 1017 823 1292 893; x_wconf 79' lang='lat' dir='ltr'><strong>ceciderit3</strong></span> <span class='ocrx_word' id='word_1_80' title='bbox 1340 841 1468 876; x_wconf 88' lang='lat' dir='ltr'><strong>nam</strong></span> <span class='ocrx_word' id='word_1_81' title='bbox 1515 825 1608 876; x_wconf 90' lang='lat' dir='ltr'><strong>aut</strong></span> <span class='ocrx_word' id='word_1_82' title='bbox 1654 839 1756 876; x_wconf 90' lang='lat' dir='ltr'><strong>nec</strong></span> 
     </span>
     <span class='ocr_line' id='line_1_11' title="bbox 15 893 977 970; baseline -0.001 -23"><span class='ocrx_word' id='word_1_83' title='bbox 15 957 17 970; x_wconf 23' lang='grc' dir='ltr'><em>Λ</em></span> <span class='ocrx_word' id='word_1_84' title='bbox 76 908 122 941; x_wconf 82' lang='lat'><strong>10</strong></span> <span class='ocrx_word' id='word_1_85' title='bbox 145 893 363 947; x_wconf 80' lang='lat' dir='ltr'><strong>caedere</strong></span> <span class='ocrx_word' id='word_1_86' title='bbox 400 894 556 947; x_wconf 91' lang='lat' dir='ltr'><strong>licuit</strong></span> <span class='ocrx_word' id='word_1_87' title='bbox 592 897 685 947; x_wconf 90' lang='lat' dir='ltr'><strong>aut</strong></span> <span class='ocrx_word' id='word_1_88' title='bbox 722 894 977 947; x_wconf 90' lang='lat' dir='ltr'><strong>occidere.</strong></span> 
     </span>
     <span class='ocr_line' id='line_1_12' title="bbox 249 963 1843 1034; baseline -0.001 -16"><span class='ocrx_word' id='word_1_89' title='bbox 249 965 300 1017; x_wconf 88' lang='lat' dir='ltr'>A</span> <span class='ocrx_word' id='word_1_90' title='bbox 337 968 488 1034; x_wconf 87' lang='lat' dir='ltr'><strong>parte</strong></span> <span class='ocrx_word' id='word_1_91' title='bbox 526 964 799 1017; x_wconf 76' lang='lat' dir='ltr'><strong>Parrhasii</strong></span> <span class='ocrx_word' id='word_1_92' title='bbox 847 963 976 1017; x_wconf 86' lang='lat' dir='ltr'><strong>fecit</strong></span> <span class='ocrx_word' id='word_1_93' title='bbox 1020 964 1165 1017; x_wconf 92' lang='lat' dir='ltr'><strong>hunc</strong></span> <span class='ocrx_word' id='word_1_94' title='bbox 1205 965 1464 1018; x_wconf 87' lang='lat' dir='ltr'><strong>colorem:</strong></span> <span class='ocrx_word' id='word_1_95' title='bbox 1519 966 1759 1032; x_wconf 91' lang='lat' dir='ltr'><strong>emptum</strong></span> <span class='ocrx_word' id='word_1_96' title='bbox 1778 970 1843 1017; x_wconf 81' lang='lat'><strong>17</strong></span> 
     </span>
     <span class='ocr_line' id='line_1_13' title="bbox 32 1034 1758 1103; baseline -0.001 -15"><span class='ocrx_word' id='word_1_97' title='bbox 32 1060 54 1070; x_wconf 89' lang='lat'><strong>·-</strong></span> <span class='ocrx_word' id='word_1_98' title='bbox 142 1053 256 1088; x_wconf 86' lang='lat' dir='ltr'><strong>esse</strong></span> <span class='ocrx_word' id='word_1_99' title='bbox 293 1053 326 1088; x_wconf 89' lang='lat' dir='ltr'><strong>a</strong></span> <span class='ocrx_word' id='word_1_100' title='bbox 363 1035 650 1088; x_wconf 86' lang='lat' dir='ltr'><strong>Parrhasio</strong></span> <span class='ocrx_word' id='word_1_101' title='bbox 698 1053 880 1088; x_wconf 89' lang='lat' dir='ltr'><strong>senem</strong></span> <span class='ocrx_word' id='word_1_102' title='bbox 927 1035 1201 1102; x_wconf 87' lang='lat' dir='ltr'><strong>inutilem,</strong></span> <span class='ocrx_word' id='word_1_103' title='bbox 1254 1034 1673 1103; x_wconf 89' lang='lat' dir='ltr'><strong>exspiraturum:</strong></span> <span class='ocrx_word' id='word_1_104' title='bbox 1714 1035 1758 1086; x_wconf 92' lang='lat' dir='ltr'><strong>si</strong></span> 
     </span>
     <span class='ocr_line' id='line_1_14' title="bbox 141 1103 1760 1174; baseline -0.001 -16"><span class='ocrx_word' id='word_1_105' title='bbox 141 1123 357 1174; x_wconf 88' lang='lat' dir='ltr'><strong>uerum,</strong></span> <span class='ocrx_word' id='word_1_106' title='bbox 397 1111 453 1158; x_wconf 91' lang='lat' dir='ltr'><strong>in</strong></span> <span class='ocrx_word' id='word_1_107' title='bbox 492 1105 597 1173; x_wconf 79' lang='lat' dir='ltr'><strong>uit,</strong></span> <span class='ocrx_word' id='word_1_108' title='bbox 637 1105 827 1173; x_wconf 89' lang='lat' dir='ltr'><strong>uultis,</strong></span> <span class='ocrx_word' id='word_1_109' title='bbox 874 1123 987 1158; x_wconf 93' lang='lat' dir='ltr'><strong>non</strong></span> <span class='ocrx_word' id='word_1_110' title='bbox 1037 1105 1234 1158; x_wconf 92' lang='lat' dir='ltr'><strong>occidit</strong></span> <span class='ocrx_word' id='word_1_111' title='bbox 1278 1104 1457 1173; x_wconf 92' lang='lat' dir='ltr'><strong>illum,</strong></span> <span class='ocrx_word' id='word_1_112' title='bbox 1506 1104 1599 1157; x_wconf 92' lang='lat' dir='ltr'><strong>sed</strong></span> <span class='ocrx_word' id='word_1_113' title='bbox 1635 1103 1760 1157; x_wconf 87' lang='lat' dir='ltr'><strong>defi·</strong></span> 
     </span>
     <span class='ocr_line' id='line_1_15' title="bbox 142 1174 1757 1245; baseline 0.001 -17"><span class='ocrx_word' id='word_1_114' title='bbox 142 1175 334 1228; x_wconf 80' lang='lat' dir='ltr'><strong>cientis</strong></span> <span class='ocrx_word' id='word_1_115' title='bbox 359 1179 414 1229; x_wconf 91' lang='lat' dir='ltr'><strong>et</strong></span> <span class='ocrx_word' id='word_1_116' title='bbox 508 1176 653 1245; x_wconf 84' lang='lat' dir='ltr'><strong>&#39;oqui</strong></span> <span class='ocrx_word' id='word_1_117' title='bbox 688 1176 1011 1244; x_wconf 77' lang='lat' dir='ltr'><strong>exspiraturi</strong></span> <span class='ocrx_word' id='word_1_118' title='bbox 1048 1178 1221 1229; x_wconf 89' lang='lat' dir='ltr'><strong>morte</strong></span> <span class='ocrx_word' id='word_1_119' title='bbox 1247 1194 1394 1228; x_wconf 90' lang='lat' dir='ltr'><strong>usus</strong></span> <span class='ocrx_word' id='word_1_120' title='bbox 1415 1178 1510 1229; x_wconf 90' lang='lat' dir='ltr'><strong>est.</strong></span> <span class='ocrx_word' id='word_1_121' title='bbox 1561 1174 1757 1243; x_wconf 86' lang='lat' dir='ltr'><strong>Torsit,</strong></span> 
     </span>
     <span class='ocr_line' id='line_1_16' title="bbox 30 1240 1759 1316; baseline 0.002 -22"><span class='ocrx_word' id='word_1_122' title='bbox 30 1240 52 1295; x_wconf 67' lang='lat'><strong>3,-</strong></span> <span class='ocrx_word' id='word_1_123' title='bbox 78 1261 122 1295; x_wconf 81' lang='lat'><strong>15</strong></span> <span class='ocrx_word' id='word_1_124' title='bbox 142 1246 345 1316; x_wconf 93' lang='lat' dir='ltr'><strong>inquit,</strong></span> <span class='ocrx_word' id='word_1_125' title='bbox 391 1250 601 1300; x_wconf 86' lang='lat' dir='ltr'><strong>tamen:</strong></span> <span class='ocrx_word' id='word_1_126' title='bbox 652 1251 696 1299; x_wconf 88' lang='lat' dir='ltr'><strong>si</strong></span> <span class='ocrx_word' id='word_1_127' title='bbox 732 1246 869 1299; x_wconf 91' lang='lat' dir='ltr'><strong>lucri</strong></span> <span class='ocrx_word' id='word_1_128' title='bbox 907 1264 1089 1315; x_wconf 88' lang='lat' dir='ltr'><strong>causa,</strong></span> <span class='ocrx_word' id='word_1_129' title='bbox 1130 1247 1307 1316; x_wconf 83' lang='lat' dir='ltr'><strong>obice3</strong></span> <span class='ocrx_word' id='word_1_130' title='bbox 1356 1263 1551 1315; x_wconf 88' lang='lat' dir='ltr'><strong>nempe</strong></span> <span class='ocrx_word' id='word_1_131' title='bbox 1597 1245 1759 1298; x_wconf 87' lang='lat' dir='ltr'><strong>huius</strong></span> 
     </span>
     <span class='ocr_line' id='line_1_17' title="bbox 30 1316 1759 1387; baseline -0.001 -17"><span class='ocrx_word' id='word_1_132' title='bbox 30 1353 40 1381; x_wconf 73' lang='grc'><em>,</em></span> <span class='ocrx_word' id='word_1_133' title='bbox 140 1316 470 1370; x_wconf 86' lang='lat' dir='ltr'><strong>crudelitatis</strong></span> <span class='ocrx_word' id='word_1_134' title='bbox 508 1317 740 1386; x_wconf 81' lang='lat' dir='ltr'><strong>pretium</strong></span> <span class='ocrx_word' id='word_1_135' title='bbox 766 1316 1015 1370; x_wconf 89' lang='lat' dir='ltr'><strong>Athenae</strong></span> <span class='ocrx_word' id='word_1_136' title='bbox 1052 1317 1272 1371; x_wconf 88' lang='lat' dir='ltr'><strong>habent.</strong></span> <span class='ocrx_word' id='word_1_137' title='bbox 1323 1316 1390 1370; x_wconf 93' lang='lat' dir='ltr'><strong>In</strong></span> <span class='ocrx_word' id='word_1_138' title='bbox 1426 1316 1759 1387; x_wconf 83' lang='lat' dir='ltr'><strong>argumentis</strong></span> 
     </span>
     <span class='ocr_line' id='line_1_18' title="bbox 18 1386 1760 1457; baseline 0.001 -18"><span class='ocrx_word' id='word_1_139' title='bbox 18 1389 36 1408; x_wconf 65' lang='lat'><strong>⁹</strong></span> <span class='ocrx_word' id='word_1_140' title='bbox 141 1386 278 1440; x_wconf 84' lang='lat' dir='ltr'><strong>dixit</strong></span> <span class='ocrx_word' id='word_1_141' title='bbox 314 1391 577 1457; x_wconf 90' lang='lat' dir='ltr'><strong>quantum</strong></span> <span class='ocrx_word' id='word_1_142' title='bbox 615 1405 825 1456; x_wconf 87' lang='lat' dir='ltr'><strong>semper</strong></span> <span class='ocrx_word' id='word_1_143' title='bbox 861 1388 1066 1441; x_wconf 86' lang='lat' dir='ltr'><strong>artibus</strong></span> <span class='ocrx_word' id='word_1_144' title='bbox 1103 1388 1367 1441; x_wconf 85' lang='lat' dir='ltr'><strong>licuisset:</strong></span> <span class='ocrx_word' id='word_1_145' title='bbox 1408 1387 1659 1454; x_wconf 82' lang='lat' dir='ltr'><strong>medicOS,</strong></span> <span class='ocrx_word' id='word_1_146' title='bbox 1698 1390 1760 1440; x_wconf 90' lang='lat' dir='ltr'><strong>ut</strong></span> 
     </span>
     <span class='ocr_line' id='line_1_19' title="bbox 31 1457 1757 1529; baseline 0 -19"><span class='ocrx_word' id='word_1_147' title='bbox 31 1514 37 1523; x_wconf 58' lang='lat'><em>‚</em></span> <span class='ocrx_word' id='word_1_148' title='bbox 140 1458 254 1510; x_wconf 90' lang='lat' dir='ltr'><strong>uim</strong></span> <span class='ocrx_word' id='word_1_149' title='bbox 292 1458 537 1529; x_wconf 82' lang='lat' dir='ltr'><strong>ignotam</strong></span> <span class='ocrx_word' id='word_1_150' title='bbox 563 1458 737 1511; x_wconf 89' lang='lat' dir='ltr'><strong>morbi</strong></span> <span class='ocrx_word' id='word_1_151' title='bbox 774 1462 1182 1529; x_wconf 82' lang='lat' dir='ltr'><strong>cognoscerent,</strong></span> <span class='ocrx_word' id='word_1_152' title='bbox 1221 1459 1428 1511; x_wconf 88' lang='lat' dir='ltr'><strong>uiscera</strong></span> <span class='ocrx_word' id='word_1_153' title='bbox 1452 1457 1757 1525; x_wconf 82' lang='lat' dir='ltr'><strong>rescidisse3</strong></span> 
     </span>
     <span class='ocr_line' id='line_1_20' title="bbox 32 1527 1761 1597; baseline 0 -16"><span class='ocrx_word' id='word_1_154' title='bbox 32 1533 54 1588; x_wconf 64' lang='grc' dir='ltr'><strong>Γ·</strong></span> <span class='ocrx_word' id='word_1_155' title='bbox 139 1527 302 1581; x_wconf 89' lang='lat' dir='ltr'><strong>hodie</strong></span> <span class='ocrx_word' id='word_1_156' title='bbox 350 1528 669 1581; x_wconf 85' lang='lat' dir='ltr'><strong>cadauerum</strong></span> <span class='ocrx_word' id='word_1_157' title='bbox 720 1532 866 1582; x_wconf 90' lang='lat' dir='ltr'><strong>artus</strong></span> <span class='ocrx_word' id='word_1_158' title='bbox 903 1529 1159 1597; x_wconf 86' lang='lat' dir='ltr'><strong>rescindi,</strong></span> <span class='ocrx_word' id='word_1_159' title='bbox 1208 1533 1269 1581; x_wconf 91' lang='lat' dir='ltr'><strong>ut</strong></span> <span class='ocrx_word' id='word_1_160' title='bbox 1305 1546 1597 1582; x_wconf 91' lang='lat' dir='ltr'><strong>neruorum</strong></span> <span class='ocrx_word' id='word_1_161' title='bbox 1635 1529 1761 1581; x_wconf 88' lang='lat' dir='ltr'><strong>arti-</strong></span> 
     </span>
     <span class='ocr_line' id='line_1_21' title="bbox 31 1598 1762 1670; baseline 0 -19"><span class='ocrx_word' id='word_1_162' title='bbox 31 1598 492 1668; x_wconf 58' lang='lat' dir='ltr'><strong>§anulorumque</strong></span> <span class='ocrx_word' id='word_1_163' title='bbox 528 1599 728 1668; x_wconf 88' lang='lat' dir='ltr'><strong>positio</strong></span> <span class='ocrx_word' id='word_1_164' title='bbox 767 1601 1019 1670; x_wconf 83' lang='lat' dir='ltr'><strong>cognosci</strong></span> <span class='ocrx_word' id='word_1_165' title='bbox 1057 1600 1241 1669; x_wconf 89' lang='lat' dir='ltr'><strong>possit.</strong></span> <span class='ocrx_word' id='word_1_166' title='bbox 1317 1601 1616 1653; x_wconf 82' lang='lat' dir='ltr'>ALBVCIVS</span> <span class='ocrx_word' id='word_1_167' title='bbox 1656 1598 1762 1652; x_wconf 92' lang='lat' dir='ltr'><strong>hoc</strong></span> 
     </span>
     <span class='ocr_line' id='line_1_22' title="bbox 32 1668 1760 1740; baseline 0.001 -18"><span class='ocrx_word' id='word_1_168' title='bbox 32 1668 37 1683; x_wconf 68' lang='grc'><strong>“</strong></span> <span class='ocrx_word' id='word_1_169' title='bbox 140 1669 345 1722; x_wconf 87' lang='lat' dir='ltr'><strong>colore:</strong></span> <span class='ocrx_word' id='word_1_170' title='bbox 390 1669 762 1723; x_wconf 89' lang='lat' dir='ltr'><strong>calamitosum</strong></span> <span class='ocrx_word' id='word_1_171' title='bbox 808 1670 1000 1739; x_wconf 89' lang='lat' dir='ltr'><strong>fuisse,</strong></span> <span class='ocrx_word' id='word_1_172' title='bbox 1041 1671 1257 1739; x_wconf 90' lang='lat' dir='ltr'><strong>orbum,</strong></span> <span class='ocrx_word' id='word_1_173' title='bbox 1305 1670 1484 1740; x_wconf 90' lang='lat' dir='ltr'><strong>palam</strong></span> <span class='ocrx_word' id='word_1_174' title='bbox 1529 1673 1760 1723; x_wconf 87' lang='lat' dir='ltr'><strong>mortem</strong></span> 
     </span>
     <span class='ocr_line' id='line_1_23' title="bbox 34 1740 1761 1820; baseline 0 -27"><span class='ocrx_word' id='word_1_175' title='bbox 34 1796 44 1811; x_wconf 7' lang='grc' dir='ltr'><strong>,μ</strong></span> <span class='ocrx_word' id='word_1_176' title='bbox 141 1741 460 1820; x_wconf 68' lang='lat' dir='ltr'><strong>optansstem:</strong></span> <span class='ocrx_word' id='word_1_177' title='bbox 522 1758 622 1794; x_wconf 92' lang='lat' dir='ltr'><strong>nec</strong></span> <span class='ocrx_word' id='word_1_178' title='bbox 677 1741 834 1794; x_wconf 89' lang='lat' dir='ltr'><strong>aliter</strong></span> <span class='ocrx_word' id='word_1_179' title='bbox 887 1741 1042 1795; x_wconf 90' lang='lat' dir='ltr'><strong>illum</strong></span> <span class='ocrx_word' id='word_1_180' title='bbox 1088 1741 1374 1810; x_wconf 90' lang='lat' dir='ltr'><strong>Philippus</strong></span> <span class='ocrx_word' id='word_1_181' title='bbox 1431 1740 1761 1794; x_wconf 89' lang='lat' dir='ltr'><strong>uendidisset</strong></span> 
     </span>
     <span class='ocr_line' id='line_1_24' title="bbox 33 1810 1843 1880; baseline 0.002 -17"><span class='ocrx_word' id='word_1_182' title='bbox 33 1823 47 1862; x_wconf 64' lang='grc' dir='ltr'>τ</span> <span class='ocrx_word' id='word_1_183' title='bbox 140 1811 246 1863; x_wconf 82' lang='lat' dir='ltr'><strong>nisi</strong></span> <span class='ocrx_word' id='word_1_184' title='bbox 291 1814 533 1879; x_wconf 84' lang='lat' dir='ltr'><strong>putasset</strong></span> <span class='ocrx_word' id='word_1_185' title='bbox 577 1811 658 1864; x_wconf 90' lang='lat' dir='ltr'><strong>illi</strong></span> <span class='ocrx_word' id='word_1_186' title='bbox 702 1830 935 1880; x_wconf 89' lang='lat' dir='ltr'><strong>poenam</strong></span> <span class='ocrx_word' id='word_1_187' title='bbox 985 1815 1107 1865; x_wconf 82' lang='lat' dir='ltr'><strong>esse&#39;</strong></span> <span class='ocrx_word' id='word_1_188' title='bbox 1146 1812 1347 1865; x_wconf 88' lang='lat' dir='ltr'><strong>uiuere.</strong></span> <span class='ocrx_word' id='word_1_189' title='bbox 1424 1810 1563 1865; x_wconf 83' lang='lat' dir='ltr'>SILO</span> <span class='ocrx_word' id='word_1_190' title='bbox 1603 1810 1757 1864; x_wconf 85' lang='lat' dir='ltr'>POM-</span> <span class='ocrx_word' id='word_1_191' title='bbox 1778 1817 1843 1866; x_wconf 86' lang='lat'><strong>18</strong></span> 
     </span>
     <span class='ocr_line' id='line_1_25' title="bbox 47 1881 1759 1951; baseline 0.001 -19"><span class='ocrx_word' id='word_1_192' title='bbox 47 1942 50 1947; x_wconf 14' lang='lat' dir='ltr'>y</span> <span class='ocrx_word' id='word_1_193' title='bbox 141 1894 312 1934; x_wconf 70' lang='lat' dir='ltr'>PRIVS</span> <span class='ocrx_word' id='word_1_194' title='bbox 359 1881 588 1951; x_wconf 86' lang='lat' dir='ltr'><strong>putabat</strong></span> <span class='ocrx_word' id='word_1_195' title='bbox 625 1882 957 1936; x_wconf 87' lang='lat' dir='ltr'><strong>commodius</strong></span> <span class='ocrx_word' id='word_1_196' title='bbox 996 1901 1134 1951; x_wconf 90' lang='lat' dir='ltr'><strong>esse,</strong></span> <span class='ocrx_word' id='word_1_197' title='bbox 1181 1883 1227 1935; x_wconf 87' lang='lat' dir='ltr'><strong>si</strong></span> <span class='ocrx_word' id='word_1_198' title='bbox 1265 1883 1370 1935; x_wconf 92' lang='lat' dir='ltr'><strong>hoc</strong></span> <span class='ocrx_word' id='word_1_199' title='bbox 1408 1882 1590 1936; x_wconf 87' lang='lat' dir='ltr'><strong>animo</strong></span> <span class='ocrx_word' id='word_1_200' title='bbox 1629 1882 1759 1935; x_wconf 89' lang='lat' dir='ltr'><strong>isset</strong></span> 
     </span>
     <span class='ocr_line' id='line_1_26' title="bbox 35 1942 1759 2037; baseline 0.001 -33"><span class='ocrx_word' id='word_1_201' title='bbox 35 1942 119 2037; x_wconf 52' lang='lat' dir='ltr'><strong>i„</strong></span> <span class='ocrx_word' id='word_1_202' title='bbox 141 1950 208 2004; x_wconf 89' lang='lat' dir='ltr'><strong>ad</strong></span> <span class='ocrx_word' id='word_1_203' title='bbox 245 1953 551 2006; x_wconf 88' lang='lat' dir='ltr'><strong>auctionem</strong></span> <span class='ocrx_word' id='word_1_204' title='bbox 587 1951 918 2017; x_wconf 81' lang='lat' dir='ltr'><strong>ParrhasiuS‚</strong></span> <span class='ocrx_word' id='word_1_205' title='bbox 957 1958 1018 2007; x_wconf 93' lang='lat' dir='ltr'><strong>ut</strong></span> <span class='ocrx_word' id='word_1_206' title='bbox 1055 1954 1291 2023; x_wconf 90' lang='lat' dir='ltr'><strong>aliquem</strong></span> <span class='ocrx_word' id='word_1_207' title='bbox 1326 1959 1383 2007; x_wconf 88' lang='lat' dir='ltr'><strong>in</strong></span> <span class='ocrx_word' id='word_1_208' title='bbox 1422 1953 1566 2006; x_wconf 89' lang='lat' dir='ltr'><strong>hunc</strong></span> <span class='ocrx_word' id='word_1_209' title='bbox 1603 1971 1759 2006; x_wconf 92' lang='lat' dir='ltr'><strong>usum</strong></span> 
     </span>
     <span class='ocr_line' id='line_1_27' title="bbox 43 2023 1760 2104; baseline 0.001 -29"><span class='ocrx_word' id='word_1_210' title='bbox 43 2044 51 2056; x_wconf 93' lang='lat'><strong>·</strong></span> <span class='ocrx_word' id='word_1_211' title='bbox 141 2027 359 2075; x_wconf 88' lang='lat' dir='ltr'><strong>emeret.</strong></span> <span class='ocrx_word' id='word_1_212' title='bbox 433 2024 637 2104; x_wconf 85' lang='lat' dir='ltr'><strong>poterit</strong></span> <span class='ocrx_word' id='word_1_213' title='bbox 673 2023 817 2076; x_wconf 91' lang='lat' dir='ltr'><strong>enim</strong></span> <span class='ocrx_word' id='word_1_214' title='bbox 855 2023 1027 2077; x_wconf 91' lang='lat' dir='ltr'><strong>uideri</strong></span> <span class='ocrx_word' id='word_1_215' title='bbox 1074 2024 1299 2095; x_wconf 86' lang='lat' dir='ltr'><strong>elegisse</strong></span> <span class='ocrx_word' id='word_1_216' title='bbox 1346 2024 1669 2077; x_wconf 90' lang='lat' dir='ltr'><strong>uilissimum</strong></span> <span class='ocrx_word' id='word_1_217' title='bbox 1706 2027 1760 2077; x_wconf 90' lang='lat' dir='ltr'><strong>et</strong></span> 
     </span>
     <span class='ocr_line' id='line_1_28' title="bbox 140 2093 1759 2164; baseline 0.001 -18"><span class='ocrx_word' id='word_1_218' title='bbox 140 2093 372 2147; x_wconf 79' lang='lat' dir='ltr'><strong>maxime</strong></span> <span class='ocrx_word' id='word_1_219' title='bbox 428 2094 692 2147; x_wconf 83' lang='lat' dir='ltr'><strong>inutilem.</strong></span> <span class='ocrx_word' id='word_1_220' title='bbox 767 2093 961 2149; x_wconf 81' lang='lat' dir='ltr'>FVSCO</span> <span class='ocrx_word' id='word_1_221' title='bbox 1011 2095 1281 2148; x_wconf 79' lang='lat' dir='ltr'>ARELLIO</span> <span class='ocrx_word' id='word_1_222' title='bbox 1330 2094 1601 2164; x_wconf 79' lang='lat' dir='ltr'><strong>placebat,</strong></span> <span class='ocrx_word' id='word_1_223' title='bbox 1653 2113 1759 2147; x_wconf 90' lang='lat' dir='ltr'><strong>em-</strong></span> 
     </span>
     <span class='ocr_line' id='line_1_29' title="bbox 38 2163 1760 2245; baseline 0.001 -28"><span class='ocrx_word' id='word_1_224' title='bbox 38 2188 55 2202; x_wconf 53' lang='lat'><em>*</em></span> <span class='ocrx_word' id='word_1_225' title='bbox 140 2166 295 2232; x_wconf 89' lang='lat' dir='ltr'><strong>ptum</strong></span> <span class='ocrx_word' id='word_1_226' title='bbox 333 2163 548 2245; x_wconf 85' lang='lat' dir='ltr'><strong>quidem</strong></span> <span class='ocrx_word' id='word_1_227' title='bbox 586 2164 739 2217; x_wconf 91' lang='lat' dir='ltr'><strong>illum</strong></span> <span class='ocrx_word' id='word_1_228' title='bbox 779 2164 835 2217; x_wconf 92' lang='lat' dir='ltr'><strong>in</strong></span> <span class='ocrx_word' id='word_1_229' title='bbox 874 2166 1009 2219; x_wconf 90' lang='lat' dir='ltr'><strong>alios</strong></span> <span class='ocrx_word' id='word_1_230' title='bbox 1047 2184 1189 2233; x_wconf 81' lang='lat' dir='ltr'><strong>usuS,</strong></span> <span class='ocrx_word' id='word_1_231' title='bbox 1230 2164 1322 2219; x_wconf 87' lang='lat' dir='ltr'><strong>sed</strong></span> <span class='ocrx_word' id='word_1_232' title='bbox 1352 2183 1472 2218; x_wconf 93' lang='lat' dir='ltr'><strong>cum</strong></span> <span class='ocrx_word' id='word_1_233' title='bbox 1511 2165 1760 2218; x_wconf 90' lang='lat' dir='ltr'><strong>deficeret</strong></span> 
     </span>
     <span class='ocr_line' id='line_1_30' title="bbox 142 2234 1758 2304; baseline 0.001 -17"><span class='ocrx_word' id='word_1_234' title='bbox 142 2237 197 2287; x_wconf 87' lang='lat' dir='ltr'><strong>et</strong></span> <span class='ocrx_word' id='word_1_235' title='bbox 232 2252 371 2288; x_wconf 85' lang='lat' dir='ltr'><strong>mon</strong></span> <span class='ocrx_word' id='word_1_236' title='bbox 397 2235 576 2303; x_wconf 88' lang='lat' dir='ltr'><strong>uellet,</strong></span> <span class='ocrx_word' id='word_1_237' title='bbox 615 2235 672 2287; x_wconf 92' lang='lat' dir='ltr'><strong>in</strong></span> <span class='ocrx_word' id='word_1_238' title='bbox 712 2234 764 2287; x_wconf 86' lang='lat' dir='ltr'><strong>id</strong></span> <span class='ocrx_word' id='word_1_239' title='bbox 791 2235 1140 2304; x_wconf 79' lang='lat' dir='ltr'><strong>quodunum</strong></span> <span class='ocrx_word' id='word_1_240' title='bbox 1168 2254 1232 2289; x_wconf 88' lang='lat' dir='ltr'><strong>ex</strong></span> <span class='ocrx_word' id='word_1_241' title='bbox 1268 2235 1526 2290; x_wconf 87' lang='lat' dir='ltr'><strong>cadauere</strong></span> <span class='ocrx_word' id='word_1_242' title='bbox 1564 2235 1758 2289; x_wconf 83' lang='lat' dir='ltr'><strong>artifex</strong></span> 
     </span>
     <span class='ocr_line' id='line_1_31' title="bbox 39 2304 1759 2377; baseline 0.001 -19"><span class='ocrx_word' id='word_1_243' title='bbox 39 2315 119 2374; x_wconf 72' lang='lat'><strong>[³0</strong></span> <span class='ocrx_word' id='word_1_244' title='bbox 142 2308 356 2373; x_wconf 87' lang='lat' dir='ltr'><strong>poterat</strong></span> <span class='ocrx_word' id='word_1_245' title='bbox 391 2306 691 2375; x_wconf 85' lang='lat' dir='ltr'><strong>inpensum.</strong></span> <span class='ocrx_word' id='word_1_246' title='bbox 756 2304 985 2361; x_wconf 79' lang='lat' dir='ltr'>GALLIO</span> <span class='ocrx_word' id='word_1_247' title='bbox 1026 2307 1093 2360; x_wconf 89' lang='lat' dir='ltr'><strong>ad</strong></span> <span class='ocrx_word' id='word_1_248' title='bbox 1130 2309 1381 2360; x_wconf 92' lang='lat' dir='ltr'><strong>neutrum</strong></span> <span class='ocrx_word' id='word_1_249' title='bbox 1420 2325 1474 2359; x_wconf 90' lang='lat' dir='ltr'><strong>se</strong></span> <span class='ocrx_word' id='word_1_250' title='bbox 1513 2306 1759 2377; x_wconf 85' lang='lat' dir='ltr'><strong>alligauit</strong></span> 
     </span>
    </p>
   </div>
   <div class='ocr_carea' id='block_1_3' title="bbox 0 0 31 3100">
    <p class='ocr_par' dir='ltr' id='par_1_3' title="bbox 0 0 31 3100">
     <span class='ocr_line' id='line_1_32' title="bbox 0 0 31 3100; baseline 0 0"><span class='ocrx_word' id='word_1_251' title='bbox 0 0 31 3100; x_wconf 95' lang='lat' dir='ltr'><strong> </strong></span> 
     </span>
    </p>
   </div>
   <div class='ocr_carea' id='block_1_4' title="bbox 45 2489 1760 2941">
    <p class='ocr_par' dir='ltr' id='par_1_4' title="bbox 46 2489 1758 2605">
     <span class='ocr_line' id='line_1_33' title="bbox 46 2489 1758 2547; baseline 0 -13"><span class='ocrx_word' id='word_1_252' title='bbox 46 2526 60 2547; x_wconf 14' lang='grc' dir='ltr'><strong>Α,</strong></span> <span class='ocrx_word' id='word_1_253' title='bbox 258 2492 277 2530; x_wconf 96' lang='grc'>1</span> <span class='ocrx_word' id='word_1_254' title='bbox 322 2489 441 2531; x_wconf 85' lang='lat' dir='ltr'><strong>liber</strong></span> <span class='ocrx_word' id='word_1_255' title='bbox 470 2491 625 2531; x_wconf 65' lang='lat' dir='ltr'><strong>Arnv</strong></span> <span class='ocrx_word' id='word_1_256' title='bbox 665 2491 683 2545; x_wconf 78' lang='grc' dir='ltr'><strong>ΙΙ</strong></span> <span class='ocrx_word' id='word_1_257' title='bbox 723 2504 965 2535; x_wconf 74' lang='lat' dir='ltr'><strong>censumus</strong></span> <span class='ocrx_word' id='word_1_258' title='bbox 997 2492 1204 2547; x_wconf 82' lang='lat' dir='ltr'><strong>olynthio</strong></span> <span class='ocrx_word' id='word_1_259' title='bbox 1234 2493 1272 2533; x_wconf 99' lang='lat' dir='ltr'>A</span> <span class='ocrx_word' id='word_1_260' title='bbox 1312 2491 1328 2546; x_wconf 93' lang='grc' dir='ltr'><strong>ΙΙ</strong></span> <span class='ocrx_word' id='word_1_261' title='bbox 1369 2495 1395 2535; x_wconf 92' lang='lat'><strong>3</strong></span> <span class='ocrx_word' id='word_1_262' title='bbox 1436 2506 1528 2535; x_wconf 85' lang='lat' dir='ltr'><strong>non</strong></span> <span class='ocrx_word' id='word_1_263' title='bbox 1560 2492 1611 2545; x_wconf 90' lang='lat'><strong>0,</strong></span> <span class='ocrx_word' id='word_1_264' title='bbox 1652 2505 1758 2534; x_wconf 87' lang='lat' dir='ltr'><strong>num</strong></span> 
     </span>
     <span class='ocr_line' id='line_1_34' title="bbox 46 2545 1758 2605; baseline 0.002 -19"><span class='ocrx_word' id='word_1_265' title='bbox 46 2583 50 2605; x_wconf 34' lang='grc' dir='ltr'>ζ</span> <span class='ocrx_word' id='word_1_266' title='bbox 141 2546 301 2588; x_wconf 70' lang='lat' dir='ltr'><strong>Scluat.</strong></span> <span class='ocrx_word' id='word_1_267' title='bbox 341 2545 359 2600; x_wconf 72' lang='lat' dir='ltr'>fl</span> <span class='ocrx_word' id='word_1_268' title='bbox 398 2549 425 2588; x_wconf 80' lang='lat'>4</span> <span class='ocrx_word' id='word_1_269' title='bbox 457 2552 719 2602; x_wconf 76' lang='lat' dir='ltr'><strong>praeterum</strong></span> <span class='ocrx_word' id='word_1_270' title='bbox 750 2549 787 2588; x_wconf 89' lang='lat' dir='ltr'>A</span> <span class='ocrx_word' id='word_1_271' title='bbox 827 2546 986 2601; x_wconf 75' lang='lat' dir='ltr'><strong>ssucire</strong></span> <span class='ocrx_word' id='word_1_272' title='bbox 1019 2550 1090 2591; x_wconf 78' lang='lat' dir='ltr'><strong>uis</strong></span> <span class='ocrx_word' id='word_1_273' title='bbox 1124 2549 1176 2600; x_wconf 89' lang='lat'><strong>0,</strong></span> <span class='ocrx_word' id='word_1_274' title='bbox 1209 2563 1324 2591; x_wconf 85' lang='lat' dir='ltr'><strong>corr.</strong></span> <span class='ocrx_word' id='word_1_275' title='bbox 1356 2549 1517 2594; x_wconf 75' lang='lat' dir='ltr'><strong>Schuze.</strong></span> <span class='ocrx_word' id='word_1_276' title='bbox 1556 2563 1613 2591; x_wconf 86' lang='lat' dir='ltr'><strong>an</strong></span> <span class='ocrx_word' id='word_1_277' title='bbox 1654 2562 1758 2591; x_wconf 84' lang='lat' dir='ltr'><strong>san·</strong></span> 
     </span>
    </p>

    <p class='ocr_par' dir='ltr' id='par_1_5' title="bbox 144 2601 1760 2658">
     <span class='ocr_line' id='line_1_35' title="bbox 144 2601 1760 2658; baseline 0.002 -15"><span class='ocrx_word' id='word_1_278' title='bbox 144 2603 239 2644; x_wconf 82' lang='lat' dir='ltr'><strong>cire</strong></span> <span class='ocrx_word' id='word_1_279' title='bbox 256 2604 277 2643; x_wconf 72' lang='lat'>?</span> <span class='ocrx_word' id='word_1_280' title='bbox 299 2601 316 2656; x_wconf 83' lang='grc' dir='ltr'>Ι</span> <span class='ocrx_word' id='word_1_281' title='bbox 339 2604 532 2658; x_wconf 78' lang='lat' dir='ltr'><strong>quisque</strong></span> <span class='ocrx_word' id='word_1_282' title='bbox 553 2604 621 2644; x_wconf 73' lang='lat' dir='ltr'><strong>Aa</strong></span> <span class='ocrx_word' id='word_1_283' title='bbox 680 2604 834 2658; x_wconf 79' lang='lat' dir='ltr'><strong>uisqui</strong></span> <span class='ocrx_word' id='word_1_284' title='bbox 864 2605 929 2646; x_wconf 87' lang='lat' dir='ltr'><strong>Ab</strong></span> <span class='ocrx_word' id='word_1_285' title='bbox 940 2606 1063 2652; x_wconf 59' lang='lat' dir='ltr'><strong>rav.</strong></span> <span class='ocrx_word' id='word_1_286' title='bbox 1094 2619 1208 2651; x_wconf 84' lang='lat' dir='ltr'><strong>corr.</strong></span> <span class='ocrx_word' id='word_1_287' title='bbox 1231 2606 1390 2650; x_wconf 70' lang='lat' dir='ltr'><strong>Schult.</strong></span> <span class='ocrx_word' id='word_1_288' title='bbox 1414 2603 1430 2658; x_wconf 91' lang='grc' dir='ltr'><strong>ΙΙ</strong></span> <span class='ocrx_word' id='word_1_289' title='bbox 1453 2609 1491 2648; x_wconf 82' lang='lat'><strong>5.</strong></span> <span class='ocrx_word' id='word_1_290' title='bbox 1513 2606 1538 2647; x_wconf 84' lang='lat'>6</span> <span class='ocrx_word' id='word_1_291' title='bbox 1571 2606 1641 2646; x_wconf 80' lang='lat' dir='ltr'><strong>sui</strong></span> <span class='ocrx_word' id='word_1_292' title='bbox 1664 2618 1760 2646; x_wconf 84' lang='lat' dir='ltr'><strong>ser-</strong></span> 
     </span>
    </p>

    <p class='ocr_par' dir='ltr' id='par_1_6' title="bbox 45 2657 1758 2941">
     <span class='ocr_line' id='line_1_36' title="bbox 143 2657 1758 2715; baseline 0.001 -16"><span class='ocrx_word' id='word_1_293' title='bbox 143 2659 294 2700; x_wconf 77' lang='lat' dir='ltr'><strong>uitute</strong></span> <span class='ocrx_word' id='word_1_294' title='bbox 328 2657 598 2713; x_wconf 78' lang='lat' dir='ltr'><strong>[semitutet</strong></span> <span class='ocrx_word' id='word_1_295' title='bbox 628 2661 666 2701; x_wconf 88' lang='lat' dir='ltr'>A</span> <span class='ocrx_word' id='word_1_296' title='bbox 721 2661 902 2703; x_wconf 77' lang='lat' dir='ltr'><strong>tenebit</strong></span> <span class='ocrx_word' id='word_1_297' title='bbox 932 2661 963 2701; x_wconf 91' lang='lat'><strong>0</strong></span> <span class='ocrx_word' id='word_1_298' title='bbox 984 2660 1001 2714; x_wconf 83' lang='grc' dir='ltr'><strong>ΙΙ</strong></span> <span class='ocrx_word' id='word_1_299' title='bbox 1024 2662 1063 2703; x_wconf 77' lang='grc' dir='ltr'><strong>εἰ</strong></span> <span class='ocrx_word' id='word_1_300' title='bbox 1095 2662 1205 2715; x_wconf 83' lang='lat' dir='ltr'><strong>quid</strong></span> <span class='ocrx_word' id='word_1_301' title='bbox 1236 2663 1390 2704; x_wconf 75' lang='lat' dir='ltr'><strong>A&#39;l&#39;av</strong></span> <span class='ocrx_word' id='word_1_302' title='bbox 1419 2660 1435 2715; x_wconf 82' lang='grc' dir='ltr'><strong>ΙΙ</strong></span> <span class='ocrx_word' id='word_1_303' title='bbox 1473 2662 1758 2704; x_wconf 80' lang='lat' dir='ltr'><strong>necessarias</strong></span> 
     </span>
     <span class='ocr_line' id='line_1_37' title="bbox 45 2714 1756 2773; baseline 0.002 -18"><span class='ocrx_word' id='word_1_304' title='bbox 45 2728 55 2739; x_wconf 86' lang='lat'>·</span> <span class='ocrx_word' id='word_1_305' title='bbox 142 2715 295 2755; x_wconf 68' lang='lat' dir='ltr'><strong>A‘rsv</strong></span> <span class='ocrx_word' id='word_1_306' title='bbox 315 2714 333 2768; x_wconf 77' lang='grc' dir='ltr'>Ι</span> <span class='ocrx_word' id='word_1_307' title='bbox 355 2718 380 2757; x_wconf 85' lang='grc'><strong>7</strong></span> <span class='ocrx_word' id='word_1_308' title='bbox 412 2715 564 2758; x_wconf 76' lang='lat' dir='ltr'><strong>caedit</strong></span> <span class='ocrx_word' id='word_1_309' title='bbox 585 2716 739 2758; x_wconf 64' lang='lat' dir='ltr'><strong>Arav</strong></span> <span class='ocrx_word' id='word_1_310' title='bbox 760 2715 777 2769; x_wconf 81' lang='grc' dir='ltr'><strong>ΙΙ</strong></span> <span class='ocrx_word' id='word_1_311' title='bbox 798 2719 825 2759; x_wconf 90' lang='grc'>8</span> <span class='ocrx_word' id='word_1_312' title='bbox 855 2718 960 2771; x_wconf 84' lang='lat' dir='ltr'><strong>aqui</strong></span> <span class='ocrx_word' id='word_1_313' title='bbox 992 2716 1067 2770; x_wconf 67' lang='lat' dir='ltr'><strong>Au</strong></span> <span class='ocrx_word' id='word_1_314' title='bbox 1092 2721 1143 2761; x_wconf 91' lang='lat'><strong>10</strong></span> <span class='ocrx_word' id='word_1_315' title='bbox 1176 2719 1342 2761; x_wconf 83' lang='lat' dir='ltr'><strong>cadere</strong></span> <span class='ocrx_word' id='word_1_316' title='bbox 1374 2720 1411 2759; x_wconf 91' lang='lat' dir='ltr'>A</span> <span class='ocrx_word' id='word_1_317' title='bbox 1432 2717 1448 2773; x_wconf 78' lang='grc' dir='ltr'><strong>ΙΙ</strong></span> <span class='ocrx_word' id='word_1_318' title='bbox 1474 2720 1521 2759; x_wconf 91' lang='grc'><strong>11</strong></span> <span class='ocrx_word' id='word_1_319' title='bbox 1545 2715 1756 2771; x_wconf 81' lang='lat' dir='ltr'><strong>(Latro)</strong></span> 
     </span>
     <span class='ocr_line' id='line_1_38' title="bbox 144 2769 1758 2828; baseline 0.001 -17"><span class='ocrx_word' id='word_1_320' title='bbox 144 2784 174 2811; x_wconf 77' lang='lat' dir='ltr'><strong>a</strong></span> <span class='ocrx_word' id='word_1_321' title='bbox 195 2783 234 2825; x_wconf 86' lang='lat' dir='ltr'><strong>p.</strong></span> <span class='ocrx_word' id='word_1_322' title='bbox 252 2772 272 2812; x_wconf 84' lang='lat'>?</span> <span class='ocrx_word' id='word_1_323' title='bbox 295 2769 312 2823; x_wconf 83' lang='grc' dir='ltr'>Ι</span> <span class='ocrx_word' id='word_1_324' title='bbox 337 2774 387 2813; x_wconf 83' lang='grc'><strong>12</strong></span> <span class='ocrx_word' id='word_1_325' title='bbox 418 2771 621 2826; x_wconf 69' lang='lat' dir='ltr'><strong>phau-isio</strong></span> <span class='ocrx_word' id='word_1_326' title='bbox 642 2773 726 2813; x_wconf 78' lang='lat' dir='ltr'><strong>AV</strong></span> <span class='ocrx_word' id='word_1_327' title='bbox 747 2772 763 2826; x_wconf 75' lang='grc' dir='ltr'><strong>ΙΙ</strong></span> <span class='ocrx_word' id='word_1_328' title='bbox 785 2786 895 2815; x_wconf 75' lang='lat' dir='ltr'><strong>sene</strong></span> <span class='ocrx_word' id='word_1_329' title='bbox 926 2774 963 2814; x_wconf 92' lang='lat' dir='ltr'>A</span> <span class='ocrx_word' id='word_1_330' title='bbox 984 2773 1000 2827; x_wconf 80' lang='grc' dir='ltr'><strong>ΙΙ</strong></span> <span class='ocrx_word' id='word_1_331' title='bbox 1026 2776 1076 2816; x_wconf 83' lang='grc'><strong>15</strong></span> <span class='ocrx_word' id='word_1_332' title='bbox 1108 2774 1254 2817; x_wconf 86' lang='lat' dir='ltr'><strong>lucria</strong></span> <span class='ocrx_word' id='word_1_333' title='bbox 1284 2777 1322 2816; x_wconf 95' lang='lat' dir='ltr'>A</span> <span class='ocrx_word' id='word_1_334' title='bbox 1342 2773 1358 2828; x_wconf 87' lang='grc' dir='ltr'><strong>ΙΙ</strong></span> <span class='ocrx_word' id='word_1_335' title='bbox 1382 2775 1517 2817; x_wconf 79' lang='lat' dir='ltr'><strong>huius</strong></span> <span class='ocrx_word' id='word_1_336' title='bbox 1548 2788 1626 2816; x_wconf 88' lang='lat' dir='ltr'><strong>om.</strong></span> <span class='ocrx_word' id='word_1_337' title='bbox 1645 2775 1724 2815; x_wconf 74' lang='lat' dir='ltr'><strong>‘tv</strong></span> <span class='ocrx_word' id='word_1_338' title='bbox 1744 2775 1758 2827; x_wconf 78' lang='grc' dir='ltr'><strong>ΙΙ</strong></span> 
     </span>
     <span class='ocr_line' id='line_1_39' title="bbox 147 2826 1758 2885; baseline 0.002 -17"><span class='ocrx_word' id='word_1_339' title='bbox 147 2828 197 2868; x_wconf 86' lang='grc'><strong>17</strong></span> <span class='ocrx_word' id='word_1_340' title='bbox 217 2829 304 2881; x_wconf 68' lang='lat' dir='ltr'><strong>qua</strong></span> <span class='ocrx_word' id='word_1_341' title='bbox 334 2826 404 2882; x_wconf 72' lang='grc'><strong>01</strong></span> <span class='ocrx_word' id='word_1_342' title='bbox 429 2831 479 2870; x_wconf 85' lang='grc'><strong>19</strong></span> <span class='ocrx_word' id='word_1_343' title='bbox 513 2828 723 2871; x_wconf 74' lang='lat' dir='ltr'><strong>rescendi</strong></span> <span class='ocrx_word' id='word_1_344' title='bbox 752 2830 819 2870; x_wconf 70' lang='lat' dir='ltr'><strong>Aa</strong></span> <span class='ocrx_word' id='word_1_345' title='bbox 840 2827 857 2883; x_wconf 85' lang='grc' dir='ltr'><strong>ΙΙ</strong></span> <span class='ocrx_word' id='word_1_346' title='bbox 879 2832 934 2872; x_wconf 78' lang='lat'><strong>24</strong></span> <span class='ocrx_word' id='word_1_347' title='bbox 966 2836 1090 2872; x_wconf 81' lang='lat' dir='ltr'><strong>esset</strong></span> <span class='ocrx_word' id='word_1_348' title='bbox 1119 2832 1273 2873; x_wconf 71' lang='lat' dir='ltr'><strong>A&#39;rav</strong></span> <span class='ocrx_word' id='word_1_349' title='bbox 1295 2830 1310 2885; x_wconf 89' lang='grc' dir='ltr'><strong>ΙΙ</strong></span> <span class='ocrx_word' id='word_1_350' title='bbox 1332 2833 1386 2874; x_wconf 81' lang='grc'><strong>27</strong></span> <span class='ocrx_word' id='word_1_351' title='bbox 1417 2831 1582 2873; x_wconf 83' lang='lat' dir='ltr'><strong>Fuscio</strong></span> <span class='ocrx_word' id='word_1_352' title='bbox 1613 2830 1644 2869; x_wconf 89' lang='lat'><strong>0</strong></span> <span class='ocrx_word' id='word_1_353' title='bbox 1666 2829 1681 2884; x_wconf 85' lang='grc' dir='ltr'><strong>ΙΙ</strong></span> <span class='ocrx_word' id='word_1_354' title='bbox 1703 2832 1758 2872; x_wconf 79' lang='lat'><strong>29</strong></span> 
     </span>
     <span class='ocr_line' id='line_1_40' title="bbox 144 2882 1755 2941; baseline 0.003 -18"><span class='ocrx_word' id='word_1_355' title='bbox 144 2883 375 2926; x_wconf 70' lang='lat' dir='ltr'><strong>cadauere</strong></span> <span class='ocrx_word' id='word_1_356' title='bbox 407 2885 443 2925; x_wconf 86' lang='lat' dir='ltr'>A</span> <span class='ocrx_word' id='word_1_357' title='bbox 465 2884 481 2938; x_wconf 87' lang='grc' dir='ltr'><strong>ΙΙ</strong></span> <span class='ocrx_word' id='word_1_358' title='bbox 502 2882 734 2941; x_wconf 81' lang='lat' dir='ltr'><strong>(eruere)</strong></span> <span class='ocrx_word' id='word_1_359' title='bbox 757 2886 926 2928; x_wconf 80' lang='lat' dir='ltr'><strong>artifex</strong></span> <span class='ocrx_word' id='word_1_360' title='bbox 958 2888 1028 2928; x_wconf 83' lang='lat' dir='ltr'><strong>W.</strong></span> <span class='ocrx_word' id='word_1_361' title='bbox 1049 2887 1221 2939; x_wconf 68' lang='grc' dir='ltr'><strong>Μίὶὶἰεν,</strong></span> <span class='ocrx_word' id='word_1_362' title='bbox 1238 2902 1295 2931; x_wconf 83' lang='lat' dir='ltr'><strong>an</strong></span> <span class='ocrx_word' id='word_1_363' title='bbox 1313 2887 1480 2930; x_wconf 81' lang='lat' dir='ltr'><strong>artifici</strong></span> <span class='ocrx_word' id='word_1_364' title='bbox 1498 2886 1713 2941; x_wconf 83' lang='lat' dir='ltr'><strong>proderat</strong></span> <span class='ocrx_word' id='word_1_365' title='bbox 1735 2889 1755 2928; x_wconf 73' lang='lat'><strong>1&gt;</strong></span> 
     </span>
    </p>
   </div>
  </div>
 </body>
</html>
