1942 3034
195 154 294 206 198
328 205 338 207 μ
476 208 479 210 ,
723 153 954 197 ANNAEI
975 153 1252 197 SENECAE
1595 169 1637 210 p.
1652 157 1732 198 153
1750 157 1802 198 B.

190 281 266 334 Et
302 298 424 333 cum
461 280 566 332 hoc
602 297 771 331 unum
807 296 974 347 puero
1012 282 1206 332 noceat
1243 278 1387 348 quod
1424 298 1488 332 ex
1524 280 1801 333 meretrice

191 354 352 404 natus
409 353 519 418 est,
577 367 762 403 omnes
819 367 1036 418 operam
1090 350 1379 419 dederunt,
1435 353 1496 402 ut
1542 354 1802 419 quantum

193 421 561 475 controuersia
619 421 814 472 licebat
867 420 994 472 huic
1041 420 1177 473 uitio
1235 421 1577 474 mederentur
1631 421 1803 474 effice-

193 495 421 561 rentque
468 510 537 544 ne
585 491 871 559 quicquam
925 491 984 543 in
1035 491 1130 544 illa
1184 491 1458 545 uideretur
1511 492 1804 544 meretricis

193 564 358 616 fuisse
413 563 519 615 nisi
565 580 777 614 nomen.
853 561 1178 615 MARVLLVS
1226 562 1474 615 decenter
1527 563 1632 615 hoc
1670 562 1805 615 dixit
1826 581 1847 614 5

195 635 354 686 simul
402 633 641 686 obiciens
687 633 843 685 fratri
880 633 1238 701 impietatem:
1286 633 1453 703 nihil,
1500 634 1700 703 inquit,
1748 633 1807 684 in

194 706 289 757 illa
314 705 472 757 domo
510 704 873 756 meretricium
908 703 1036 756 fuit:
1077 704 1254 772 scireS,
1293 704 1338 756 si
1362 722 1571 757 mecum
1595 704 1803 756 fuisses

137 778 169 826 8
195 777 494 828 ALBVCIVS
534 774 764 844 ethicos,
803 777 865 827 ut
900 775 1058 827 multi
1093 777 1311 843 putant,
1362 774 1520 827 dixit:
1557 806 1627 814 —-
1665 778 1806 827 certe

195 847 470 899 laudatum
497 848 577 898 est
602 863 723 898 cum
749 845 948 898 diceret
976 877 1038 883 —
1068 848 1351 898 exeuntem
1375 846 1532 914 <me>
1558 863 1693 914 puer
1729 862 1806 897 se-

197 920 350 970 cutus
400 920 493 970 est.
567 915 695 969 Non
749 916 1013 985 probabat
1065 915 1206 969 hanc
1259 915 1541 968 MESSALA
1598 918 1808 968 senten·
1831 934 1871 966 10

195 988 352 1041 tiam:
390 1006 504 1041 non
540 987 718 1056 habet,
757 987 959 1056 inquit,
997 986 1271 1055 fiduciam,
1311 987 1356 1040 si
1394 987 1601 1039 mauult
1638 986 1808 1039 uideri

196 1059 460 1128 recepisse
505 1076 733 1126 puerum
781 1076 941 1126 quam
979 1057 1286 1126 adduxisse3
1342 1076 1405 1110 ex
1443 1075 1548 1126 qua
1598 1057 1807 1110 ratione

198 1133 279 1182 est
315 1129 629 1198 adoptatum
667 1147 779 1181 esse
816 1146 929 1181 non
967 1127 1093 1197 quia
1131 1128 1398 1196 debuerit,
1438 1127 1529 1180 sed
1568 1128 1693 1197 quia
1733 1145 1809 1179 se-

119 1217 122 1221 ·
198 1203 352 1253 cutus
400 1201 483 1252 sit.
558 1198 685 1251 Fuit
730 1202 910 1251 autem
956 1199 1187 1251 Messala
1234 1199 1558 1252 exactissimi
1604 1197 1810 1268 ingenii

199 1270 413 1340 quidem
459 1271 517 1321 in
565 1270 738 1322 omnis
788 1269 1086 1322 studiorum
1134 1273 1335 1338 partes,
1392 1269 1575 1321 Latini
1623 1270 1809 1338 utique
1834 1285 1874 1317 15

198 1341 459 1395 sermonis
523 1341 838 1393 obseruator
910 1340 1376 1410 diligentissimus3
1449 1339 1630 1408 itaque
1691 1357 1810 1391 cum

198 1413 433 1465 audisset
479 1412 771 1464 Latronem
820 1410 1233 1478 declamantem,
1283 1410 1442 1462 dixit:
1492 1429 1589 1462 sua
1625 1410 1812 1479 lingua

199 1483 427 1536 disertus
466 1486 559 1535 est.
634 1482 914 1552 ingenium
950 1481 1032 1533 illi
1066 1482 1344 1551 concessit,
1383 1498 1684 1534 sermonem
1723 1481 1812 1533 ob-

197 1554 338 1606 iecit.
412 1553 540 1606 Non
587 1553 714 1605 tulit
768 1553 907 1605 hanc
956 1553 1336 1605 contumeliam
1384 1552 1547 1604 Latro
1604 1554 1659 1604 et
1711 1569 1809 1619 pro

198 1623 511 1693 Pythodoro
558 1624 687 1693 (in)
734 1622 994 1676 Messalae
1055 1623 1352 1676 orationem
1409 1621 1811 1674 disertissimam
1833 1637 1875 1670 20

198 1695 448 1748 recitauit
504 1713 672 1763 aeque
727 1694 1079 1763 compositam
1128 1697 1287 1762 atque
1337 1693 1631 1746 suasoriam
1676 1691 1813 1760 (de)

199 1765 479 1819 Theodoto
517 1765 851 1836 dessclamauit
886 1782 981 1833 per
1017 1764 1270 1817 triduum.
1324 1782 1458 1832 quae
1487 1763 1680 1815 dixerit
1717 1780 1811 1814 suo

200 1838 320 1890 loco
358 1836 592 1906 reddam,
632 1854 753 1888 cum
791 1836 856 1887 ad
894 1835 1159 1888 suasorias
1196 1852 1414 1887 uenerO.

143 1921 172 1967 9
306 1909 358 1959 A
404 1910 557 1976 parte
606 1906 960 1959 adulescentis
1007 1924 1120 1959 non
1170 1923 1309 1957 unus
1360 1904 1609 1958 omnibus
1666 1904 1815 1956 color

200 1979 418 2048 placuit.
497 1977 725 2039 Quidam
771 1995 1057 2046 personam
1097 1977 1210 2030 eius
1248 1976 1460 2045 qualem
1499 1976 1815 2043 acceperant
1836 1987 1907 2020 25-

347 2181 368 2219 1
412 2182 482 2220 est
515 2191 616 2219 cum
649 2179 701 2228 Ο,
731 2191 846 2221 corr,
880 2175 1037 2217 Schult.
1062 2175 1078 2229 ΙΙ
1118 2176 1199 2216 11111
1229 2177 1257 2214 C
1297 2173 1312 2228 ΙΙ
1344 2177 1368 2215 2
1402 2187 1566 2227 operas
1599 2175 1700 2213 c'ra
1742 2170 1757 2225 ΙΙ
1791 2175 1816 2215 3

202 2235 543 2276 controuersiae
575 2237 606 2274 T
630 2233 645 2287 ΙΙ
675 2234 855 2274 licebas
886 2235 914 2272 c
936 2231 950 2285 Π
973 2232 1264 2273 demerentur
1294 2233 1392 2271 GTa
1424 2231 1682 2271 demeretur
1712 2230 1772 2269 Tb
1805 2227 1810 2281 Ι

203 2291 504 2343 officeretque
536 2292 564 2330 G
597 2290 892 2342 efficeretque
926 2292 988 2328 Ta
1023 2286 1039 2341 ΙΙ
1073 2290 1101 2329 4
1130 2287 1211 2328 1110
1244 2289 1344 2328 GTa
1366 2286 1381 2341 ΙΙ
1405 2287 1648 2328 uidebatur
1679 2286 1709 2324 0
1739 2283 1754 2338 ΙΙ
1793 2288 1819 2326 5
1891 2307 1893 2309 v

201 2349 446 2390 {decenter
477 2350 540 2387 Ta
579 2345 595 2400 ss
635 2349 660 2387 6
692 2346 867 2386 obicies
900 2346 930 2384 0
966 2343 982 2398 ΙΙ
1023 2346 1049 2386 8
1079 2344 1287 2385 hecticos
1319 2345 1349 2383 Ο
1390 2342 1405 2396 ΙΙ
1447 2345 1472 2384 9
1506 2345 1750 2384 exeuntem
1787 2356 1818 2395 p
1900 2386 1902 2388 ,

204 2408 388 2446 secutus
420 2404 474 2454 0,
514 2417 627 2445 corr.
661 2402 708 2443 0.
742 2402 878 2455 Ialm,
910 2401 1042 2445 Burs.
1065 2399 1080 2454 ΙΙ
1111 2403 1161 2441 11
1194 2401 1349 2441 mauul
1380 2403 1408 2439 C
1439 2397 1454 2454 ΙΙ
1489 2402 1539 2441 12
1573 2404 1618 2440 01
1651 2412 1740 2452 qua
1773 2399 1817 2449 0,

203 2475 319 2505 corr.
351 2461 484 2505 Burs,
517 2471 666 2514 aequa
697 2459 850 2499 Haase
889 2470 1035 2511 neque
1068 2458 1259 2499 rationis
1292 2461 1363 2498 est
1402 2470 1502 2498 eum
1534 2455 1693 2497 schulz.
1719 2453 1734 2507 ΙΙ
1767 2457 1818 2496 13

205 2517 518 2572 adoptandum
549 2517 606 2569 0,
645 2528 761 2557 corr.
795 2515 954 2555 Schult.
998 2512 1014 2567 ss
1067 2516 1119 2554 14
1160 2517 1231 2555 est
1261 2514 1315 2563 0,
1358 2514 1418 2554 sit
1448 2513 1579 2554 Burs.
1624 2510 1639 2565 ΙΙ
1683 2512 1734 2552 15
1773 2511 1821 2550 111

202 2576 331 2615 omni
358 2606 369 2616 .
388 2605 425 2615 ..
456 2577 591 2627 parte
628 2573 758 2613 Burs.
797 2574 955 2625 patres
984 2572 1022 2610 A
1049 2568 1064 2623 ΙΙ
1101 2575 1274 2624 utuque
1307 2572 1334 2609 G
1363 2567 1378 2623 ΙΙ
1419 2571 1471 2611 18
1501 2568 1601 2609 11110
1631 2564 1731 2620 TaH
1767 2569 1820 2607 20

204 2633 256 2672 in
287 2632 440 2672 addidi
466 2628 482 2683 ΙΙ
520 2642 648 2671 meos
676 2628 800 2669 allae
831 2628 864 2667 B
894 2641 994 2669 meo
1028 2627 1135 2668 silla
1164 2628 1202 2666 A
1240 2627 1416 2667 mesala
1447 2628 1479 2666 T
1521 2623 1536 2678 ΙΙ
1576 2626 1629 2665 21
1662 2621 1684 2646 '³‘
1706 2624 1820 2664 reci·
1902 2648 1904 2651 v

207 2689 330 2728 tauit
361 2699 406 2740 q3
429 2687 739 2739 ,compositam
771 2688 856 2737 que
887 2686 915 2723 G
946 2684 1164 2725 recitauit
1188 2696 1323 2736 quam
1353 2681 1652 2735 compositam
1684 2691 1820 2731 quam

129 2775 132 2777 Α
207 2746 261 2793 Τ,
302 2744 560 2797 oppositam
590 2744 742 2783 Haase
783 2740 799 2794 ΙΙ
842 2741 1099 2782 suasoriam
1129 2739 1366 2781 Teodotho
1406 2739 1458 2789 0,
1499 2750 1613 2778 corr.
1647 2736 1701 2776 N.
1733 2736 1822 2775 Fa·
1902 2742 1904 2746 ’

203 2801 308 2853 ber,
341 2800 582 2841 Theodoro
614 2799 744 2840 Burs.
777 2797 792 2851 ΙΙ
836 2800 889 2838 22
923 2798 1185 2838 declamant
1217 2798 1244 2835 G
1291 2793 1306 2849 ΙΙ
1346 2794 1606 2848 patriduum
1646 2804 1760 2845 quae
1794 2793 1822 2831 G

206 2858 499 2910 patri-Dum
532 2859 578 2904 T,
614 2869 726 2900 corr.
762 2856 891 2896 Gron.
923 2858 1029 2908 post
1061 2853 1262 2894 triduum
1293 2851 1450 2892 Schult.
1475 2848 1491 2904 ΙΙ
1521 2851 1573 2891 23
1606 2860 1821 2890 suasoras

210 2915 239 2952 c
273 2911 289 2966 ss
319 2915 372 2955 25
405 2913 602 2966 quodam
634 2914 661 2951 G
