1950 3022
799 103 1165 148 PRAEFATIO.
1711 116 1799 155 vn

177 233 309 285 mihi
362 251 484 286 cum
531 231 824 285 Vaticanos
872 228 1107 283 Senecae
1163 227 1373 281 codices
1434 231 1795 282 scrutaremur

180 302 531 356 uetustissimi
577 301 738 354 huius
784 300 909 353 libri
957 298 1178 352 uidendi
1225 299 1382 367 copia
1429 298 1574 352 facta
1610 302 1692 352 est
1727 330 1799 339 -—

179 371 534 426 Studemundi
559 371 725 427 debeo
763 370 1049 425 amicitiae.
1098 369 1144 422 is
1171 369 1315 422 enim
1350 371 1564 438 praeter
1589 368 1796 423 Graeca

178 442 412 512 plurima
454 442 749 496 suasoriam
794 441 1025 510 primam
1063 443 1118 493 et
1154 457 1218 492 ex
1267 440 1649 493 controuersiis
1686 443 1797 493 ter-

177 514 312 566 tiam
350 513 412 583 (1
449 514 516 583 3)
554 517 609 566 et
650 512 979 565 tricesimam
1029 513 1276 579 quartam
1324 509 1408 591 <X
1444 510 1512 578 5)
1565 510 1800 563 contulit

178 601 422 653 quaeque
446 583 798 652 exscripserat
832 599 1043 635 mecum
1081 581 1518 634 communlcauit.
1566 581 1629 633 de
1663 598 1799 634 non-

179 654 345 707 nullis
392 654 525 708 locis
564 653 940 707 Gardthausen
986 655 1117 705 tunc
1162 651 1421 721 temporis
1458 650 1662 704 Romae
1711 650 1801 703 de-

177 740 311 794 gens
348 742 433 777 me
471 724 755 778 certiorem
790 723 937 776 fecit.
998 722 1103 775 Hic
1140 721 1291 790 liber,
1330 722 1576 791 quamuis
1615 721 1800 775 arctis-

177 795 315 848 simo
367 795 708 866 cognationis
764 793 984 847 uinculo
1043 810 1166 846 cum
1213 795 1300 846 AB
1348 792 1695 861 coniunctuS,
1742 792 1798 844 id

177 865 323 934 quod
360 883 424 918 ex
462 883 671 918 summo
709 865 767 917 in
814 863 1052 917 minimis
1090 863 1249 916 rebus
1294 863 1448 916 uelut
1482 863 1541 916 in
1580 862 1798 916 Graecis

177 953 443 989 consensu
468 935 707 1005 adparet,
733 938 917 988 tamen
945 934 1157 1003 saepius
1183 951 1344 987 uoces
1374 936 1432 986 in
1456 937 1543 987 AB
1572 933 1796 987 omissas

178 1006 476 1075 suppleuit,
534 1010 588 1059 et
642 1005 841 1058 multas
895 1005 1125 1059 leuiores
1178 1005 1509 1074 corruptelas
1564 1004 1798 1057 feliciter

176 1077 415 1146 sanauit,
453 1079 515 1130 ut
550 1080 645 1130 aut
681 1095 714 1129 a
748 1075 1005 1145 perdocto
1043 1075 1264 1128 librario
1304 1074 1662 1144 interpolatus
1701 1079 1796 1128 aut

176 1164 242 1200 ex
290 1147 397 1201 alio
446 1165 510 1201 eo
550 1165 617 1200 ue
655 1147 890 1216 optimae
936 1154 1098 1199 notae
1136 1145 1317 1199 codice
1365 1149 1636 1199 correctus
1685 1163 1798 1198 esse

177 1217 439 1271 uideatur.
563 1236 655 1270 um
692 1218 861 1288 igitur
895 1217 1112 1270 futurus
1150 1215 1383 1270 Senecae
1432 1216 1607 1270 editor
1644 1233 1801 1270 accu-

178 1289 347 1341 ratius
399 1289 709 1343 examinare
765 1292 820 1341 et
874 1291 1122 1341 excutere
1178 1287 1420 1356 debebit,
1469 1305 1797 1356 quamquam

177 1359 269 1412 uix
306 1360 437 1412 satis
474 1377 733 1430 magnum
771 1358 1199 1412 emolumentum
1225 1357 1292 1410 ad
1329 1358 1496 1410 uerba
1521 1357 1798 1427 scriptoris

176 1429 375 1483 rectius
432 1429 808 1483 constituenda
874 1430 1023 1482 nasci
1078 1427 1204 1482 inde
1263 1446 1421 1497 posse
1482 1446 1798 1497 persuasum

177 1500 365 1554 habeo.
417 1500 562 1570 quod
599 1503 660 1553 ut
697 1500 1053 1553 confidentius
1091 1498 1414 1552 contendam
1461 1498 1629 1552 efficit
1662 1498 1799 1552 alius

179 1570 379 1624 codicis
417 1571 720 1624 accuratior
757 1571 1025 1640 cognitio,
1064 1569 1318 1623 uidelicet

282 1641 391 1694 ΠΙΙ
438 1641 563 1694 libri
613 1641 743 1695 olim
780 1641 1095 1694 Toletani
1137 1638 1213 1712 [Τ]
1254 1640 1368 1693 siue
1407 1639 1798 1694 Covarruviani

176 1729 323 1765 nunc
370 1711 739 1765 Bruxellensis
787 1730 869 1765 nr.
904 1710 1073 1778 2025,
1121 1711 1344 1764 membr.
1397 1710 1597 1763 saeculi
1645 1710 1797 1774 XIII,

176 1800 336 1852 quem
383 1783 659 1836 Antonius
708 1781 1038 1836 Covarruvia
1075 1781 1324 1834 Andreae
1372 1780 1599 1835 Schotto
1647 1784 1799 1834 uten-

175 1853 303 1906 dum
339 1852 573 1923 dederat,
612 1853 751 1906 sicut
787 1853 902 1922 ipse
941 1851 1197 1906 Schottus
1234 1852 1291 1905 in
1329 1851 1510 1905 fronte
1548 1852 1672 1904 libri
1711 1851 1798 1904 ad-

176 1924 390 1977 notauit
451 1925 554 1993 (cs.
605 1928 757 1977 Burs.
805 1927 979 1989 praes.
1022 1941 1079 1989 p.
1117 1922 1302 1992 XIII).
1376 1922 1537 1975 Hunc
1599 1922 1798 1975 librum

175 1993 552 2065 Hamburgum
588 1994 960 2047 transmissum
998 1994 1113 2062 ipse
1151 1993 1359 2047 contuli
1397 2011 1519 2046 cum
1558 1992 1794 2046 editione

177 2064 455 2133 Bursiani,
503 2066 723 2134 eiusque
780 2065 1100 2134 scripturam
1155 2063 1423 2133 potiorem
1469 2063 1528 2116 in
1576 2063 1796 2117 adnota-

176 2135 326 2189 tione
363 2135 637 2206 proposui.
700 2139 783 2189 est
819 2139 999 2188 autem
1038 2152 1103 2187 ex
1140 2135 1258 2204 ipso
1297 2133 1567 2188 Vaticano
1605 2134 1693 2188 uel
1731 2152 1797 2187 ex

175 2206 291 2259 eius
337 2206 651 2277 apographo
701 2206 1024 2275 descriptus,
1073 2205 1127 2258 id
1177 2205 1323 2274 quod
1374 2208 1520 2259 certo
1578 2207 1798 2258 demon-

178 2277 334 2330 strari
389 2281 586 2357 potest.
662 2276 727 2329 In
783 2276 1051 2331 Vaticano
1115 2276 1260 2329 enim
1322 2276 1380 2328 in
1442 2276 1797 2345 quaternione

178 2346 495 2403 duodecimo
559 2348 636 2401 ita
701 2347 832 2401 ordo
894 2348 1141 2401 turbatus
1208 2350 1313 2416 est,
1376 2349 1437 2400 ut
1497 2347 1799 2416 posteriora

177 2422 433 2487 quattuor
491 2418 626 2472 folia
688 2418 883 2487 quibus
945 2436 1009 2471 ea
1054 2435 1191 2487 quae
1253 2417 1378 2470 inde
1434 2435 1465 2470 a
1517 2435 1647 2484 paq.
1675 2418 1798 2485 213,

177 2491 212 2540 2
282 2492 387 2542 ‘ad
443 2494 761 2543 sterilitatem
778 2496 791 2518 '
854 2507 928 2555 sq.
993 2489 1192 2557 scripta
1254 2491 1405 2558 sunt,
1477 2487 1800 2541 antecedant

178 2558 359 2627 priora
420 2576 556 2629 quae
630 2561 688 2613 in
763 2561 928 2613 uerba
998 2563 1143 2613 ‘hinc
1216 2575 1384 2613 omnes
1453 2564 1796 2624 quaestiones-⁹

168 2647 228 2695 p.
256 2629 417 2698 213,1
450 2629 718 2684 desinunt.
771 2648 960 2684 uerum
987 2630 1229 2684 ordinem
1265 2629 1504 2684 restituit
1529 2632 1799 2683 corrector

178 2699 270 2768 qui
310 2700 367 2752 in
405 2700 649 2771 margine
686 2699 753 2754 ad
792 2705 929 2755 ‘hinc
953 2718 1120 2754 omnes
1145 2705 1477 2766 quaestiones’
1518 2700 1800 2769 adscripsit

176 2772 366 2824 ‘lt-ansi
398 2776 471 2825 ad
505 2775 850 2825 duodecimum
887 2778 1306 2839 quaternionem’.
1364 2771 1478 2824 Iam
1517 2771 1574 2823 in
1602 2771 1799 2823 Covar-

177 2840 402 2896 ruviano
462 2841 691 2913 legimus
738 2846 856 2896 hinc
909 2859 1076 2896 omnes
1121 2847 1436 2908 quaestiones
1497 2846 1663 2894 transi
1727 2845 1801 2894 ad
